1844 2898
795 63 1028 102 ..8-

285 169 577 221 Theagenes
618 169 876 223 Rheginus
921 168 1130 221 Cambysis
1177 174 1304 208 aetate
1347 168 1396 208 de
1439 167 1655 207 Homero

179 233 337 285 scripsit
364 232 552 283 (MUELL.
582 233 626 272 II
660 234 738 284 12),
774 234 867 272 item
895 231 1254 289 Stesjimbrotus
1282 231 1453 271 Thasius
1481 231 1544 282 (II
1571 232 1655 282 59),

178 297 283 348 περὶ
311 296 516 351 ἀρχαίων
545 300 750 347 ποιητῶν
778 297 851 335 καὶ
880 298 1119 347 μουσικῶν
1164 294 1384 335 Glaucus
1403 295 1655 348 Rheginus

178 359 240 410 (II
270 360 321 398 ⁴23
341 361 425 411 sq),
467 361 568 412 περὶ
601 363 806 411 ποιητῶν
845 362 924 398 καὶ
961 362 1193 412 σοφιστῶν
1237 359 1499 399 Damastes
1534 358 1654 398 libros

180 423 503 474 conscripserunt
530 422 593 473 (ΙΙ
614 424 695 473 66).

289 495 441 535 Herod.
462 496 483 534 1
503 496 555 535 23
571 510 632 546 sq,
662 497 726 545 27,
757 497 821 544 29,
851 498 915 544 74,
942 497 1015 534 170
1049 496 1092 534 ΙΙ
1115 496 1177 544 53,
1198 496 1263 543 49,
1288 497 1375 544 117,
1399 496 1473 533 134
1509 494 1570 533 IV
1596 496 1656 543 14,

183 559 246 607 32,
278 560 348 605 76;
398 558 419 596 Ι
449 559 499 596 29
543 556 769 596 ἀπικνέονται
813 559 849 599 ἐς
886 558 1015 609 Σάρδις
1056 558 1160 595 ἄλλοι
1202 572 1241 596 τε
1286 559 1321 595 οἱ
1353 558 1482 598 πάντες
1517 558 1558 595 ἐκ
1595 560 1658 607 τῆς

175 620 361 663 ξΕλλάδος
393 621 612 673 σοφισταί
636 622 697 660 καὶ
726 622 771 672 δὴ
801 622 863 659 καὶ
883 620 1009 659 Σόλων
1026 650 1035 659 .
1053 650 1062 659 .
1080 650 1089 659 .
1119 621 1162 660 II
1184 623 1234 661 49
1255 619 1412 672 ’Έλλησι
1433 619 1658 671 Μελάμπους

183 686 259 723 ἐστὶ
288 686 307 723 ὁ
329 686 600 735 ἐξηγησάμενος
628 688 693 723 τοῦ
711 685 887 723 Διονύσου
916 686 979 734 τὴν
1008 686 1153 735 πομπὴν
1182 688 1245 722 τοῦ
1274 687 1430 736 φαλλοῦ.
1478 683 1659 735 ἀτρεκέως

183 749 248 800 μὲν
284 748 328 786 οὐ
363 749 478 786 πάντα
513 749 708 800 συλλαβὼν
743 748 802 785 τὸν
839 746 945 797 λόγον
982 746 1115 799 ἔφηνε,
1152 747 1226 786 ἀλλ’
1266 749 1309 786 οἱ
1338 746 1660 799 ἐπιγενόμενοι

183 813 300 863 τούτῳ
339 813 552 862 σοφισταὶ
588 811 751 861 μεζόνως
790 812 981 862 ἐξέφηναν.
1046 811 1107 849 IV
1137 813 1187 850 95
1226 811 1401 861 Ζάμολξιν
1439 812 1660 860 ὁμιλήσαντα

179 873 369 924 “Ελλήνων
399 874 443 912 οὐ
471 879 522 926 τῷ
553 875 826 925 ἀσθενεστάντῳ
857 879 1055 926 σοφιστῇ
1086 873 1302 925 Πυθαγόρῃ.

293 946 487 986 Charon
503 947 804 999 Lampsacenus
823 953 1012 998 quattuor
1031 947 1141 986 libris
1162 948 1322 986 annales
1340 948 1503 998 patrios,
1522 949 1662 998 ὥρους

188 1013 535 1061 Λαμψακηνῶν,
579 1011 817 1062 conscripsit
845 1011 1032 1061 (MUELL.
1062 1011 1079 1048 I
1113 1012 1163 1050 33
1184 1011 1267 1061 sq),
1311 1012 1455 1062 ὥρους
1484 1010 1661 1061 Σαμίων

184 1074 388 1126 Eugeon
432 1073 591 1114 Samius
633 1075 693 1125 (II
727 1077 811 1126 16),
848 1074 1135 1127 Cycicenorum
1173 1089 1234 1114 res
1269 1074 1527 1113 Deiochus
1564 1074 1663 1112 Pro-

187 1138 398 1177 connesius
434 1139 496 1188 (ΙΙ
520 1140 567 1176 17
584 1140 661 1189 sq),
700 1140 888 1191 Λεσβιακά
922 1145 961 1177 et
997 1138 1150 1176 Αἰολικά
1186 1138 1478 1177 Hellanicus
1512 1138 1549 1188 (I
1581 1139 1661 1188 60).

187 1201 236 1240 cf.
268 1201 389 1239 Diod.
428 1201 448 1239 I
478 1202 527 1240 26
578 1202 656 1253 παρ’
703 1202 809 1243 ἐνίοις
850 1205 920 1240 τῶν
957 1200 1149 1251 ξΕλλήνων
1192 1201 1275 1243 τοὺς
1318 1201 1504 1242 ἐνιαυτοὺς
1546 1202 1664 1252 ὥρους

185 1264 378 1302 καλεῖσθαι
413 1265 475 1302 καὶ
510 1264 586 1306 τὰς
621 1264 716 1302 κατ’
759 1264 860 1306 ἔτος
897 1264 1163 1315 ἀναγραφὰς
1200 1265 1500 1315 ὡρογραφίας
1533 1278 1663 1314 προσα-

187 1327 419 1378 γορεύεσθαι.

295 1399 490 1451 Hippys
527 1398 735 1451 Rheginus
774 1414 836 1438 res
865 1399 1110 1438 Graecorum
1150 1399 1379 1438 Italicorum
1417 1405 1534 1449 atque
1564 1397 1665 1437 Sici-

187 1463 372 1502 liensium
401 1463 578 1514 quinque
607 1463 718 1502 libris
747 1464 930 1515 exposuit
964 1464 1092 1513 (κτίσιν
1119 1463 1287 1504 Ἰταλίας.
1318 1463 1514 1501 Σικελικῶν
1545 1463 1666 1515 βιβλία

189 1541 220 1564 ε.
250 1524 394 1575 Suid.).

298 1597 361 1636 De
374 1597 491 1636 rebus
500 1596 647 1636 Atticis
656 1597 693 1635 A
704 1612 741 1635 m
752 1598 790 1636 el
802 1613 822 1636 e
831 1613 849 1637 s
859 1612 915 1649 ag
924 1613 946 1637 o
958 1613 975 1636 r
985 1613 1007 1636 a
1017 1613 1034 1637 s
1045 1597 1337 1637 Chalcedonius
1345 1598 1530 1647 (MUELL.
1542 1597 1585 1636 II
1601 1598 1666 1645 21,

189 1660 442 1700 Dion.'Hal.
481 1660 562 1698 iud.
601 1660 727 1699 Thuc.
759 1662 856 1711 817)
912 1668 952 1699 et
1005 1661 1303 1700 Hellanicus
1358 1661 1503 1711 (Thuc.
1540 1661 1559 1699 I
1598 1662 1668 1711 97)

190 1724 448 1776 scripserunt,
478 1723 528 1762 de
548 1724 749 1776 Argolicis
770 1724 964 1777 Hippys
993 1725 1070 1775 (M.
1092 1725 1135 1763 II
1161 1726 1238 1776 13),
1270 1724 1433 1777 Κρητικαί
1456 1724 1668 1763 Charoni

189 1789 420 1827 tribuuntur
455 1787 621 1837 (Suid.).
693 1788 805 1826 Idem
841 1790 1063 1839 composuit
1098 1791 1286 1840 πρυτάνεις
1321 1789 1344 1838 ἢ
1374 1788 1550 1839 ἄρχοντας
1582 1788 1668 1828 τοὺς

189 1854 260 1889 τῶν
291 1851 606 1901 Λακεδαιμονίων,
644 1849 719 1889 ἔστι
755 1852 796 1889 δὲ
826 1851 1029 1903 Χρονικά
1062 1850 1232 1902 (Suid.)‚
1270 1850 1446 1890 eiusdem
1470 1849 1669 1902 Ἑλληνικά

192 1915 381 1954 librorum
404 1920 593 1964 quattuor
612 1915 836 1964 laudantur,
864 1916 1084 1967 Hippyis
1103 1915 1264 1966 Χρονικά
1284 1915 1473 1953 librorum
1493 1915 1668 1965 quinque

190 1978 268 2027 (M.
296 1977 338 2015 II
363 1978 411 2015 13
427 1977 512 2027 sq);
542 1977 842 2017 Hellanicus
872 1992 990 2030 opere
1020 1978 1210 2029 inscripto
1245 1979 1486 2016 »sacerdotes
1519 1978 1671 2016 [ononis

192 2042 384 2092 Aryivae«
431 2040 638 2080 universas
673 2040 918 2081 Graecorum
961 2057 1023 2081 res
1066 2057 1089 2081 a
1123 2041 1297 2094 mythica
1337 2046 1464 2080 aetate
1507 2055 1670 2080 exorsus

192 2104 423 2156 complexus
453 2110 512 2143 est
548 2105 587 2155 (Ι
616 2107 662 2144 51
682 2120 740 2157 sq,
772 2106 891 2146 Dion.
923 2106 1015 2145 Hal.
1046 2107 1142 2145 Ant.
1173 2106 1190 2145 l
1223 2107 1272 2144 72
1310 2106 1328 2143 ὁ
1357 2105 1420 2147 τὰς
1449 2105 1580 2156 ἱερείας
1608 2105 1670 2146 τὰς

193 2169 231 2206 ἐν
248 2167 369 2219 Ἄργει
389 2169 449 2206 καὶ
468 2168 512 2206 τὰ
530 2169 617 2207 καθ’
641 2170 795 2221 ἑκάστην
815 2170 1026 2222 πραχθέντα
1047 2171 1282 2219 συναγαγών,
1313 2168 1361 2207 cf.
1384 2167 1564 2219 Thucyd.
1580 2168 1624 2206 II
1644 2169 1667 2206 2

194 2233 253 2269 ἐπὶ
273 2230 458 2281 Χρυσίδος
488 2232 524 2268 ἐν
547 2231 668 2282 Ἄργει
696 2232 779 2271 τότε
807 2234 1030 2283 πεντήκοντα
1060 2235 1157 2270 δυοῖν
1188 2233 1317 2270 δέοντα
1346 2231 1407 2282 ἔτη
1440 2231 1668 2282 ἱερωμένης).

303 2312 562 2352 Damastes
599 2315 775 2353 narravit
809 2314 857 2354 de
892 2314 1118 2364 ditissimis,
1154 2314 1222 2365 qui
1259 2314 1361 2353 inter
1390 2312 1566 2353 Graecos
1603 2327 1670 2350 ex-

194 2376 389 2415 stitissent
421 2374 554 2427 (Suid.
584 2392 614 2416 s.
644 2393 702 2426 v.,
742 2379 789 2417 cf.
820 2379 870 2417 A.
892 2378 1045 2417 NAUCK
1076 2379 1114 2417 in
1144 2378 1285 2416 Philol.
1316 2377 1354 2415 V
1375 2379 1484 2426 679).
1541 2376 1670 2414 Hero-

141 2441 145 2445 ’
195 2439 313 2478 dotus
341 2438 402 2477 IV
428 2439 501 2478 152
532 2439 615 2479 VII
641 2443 715 2480 190
743 2442 842 2502 tales
872 2446 1073 2481 memorat.

305 2515 535 2561 Αἰγυπτιακοί
577 2507 833 2554 Hellanici
876 2516 1059 2554 novimus
1099 2514 1176 2564 (M.
1207 2514 1227 2552 I
1257 2515 1306 2552 66
1323 2528 1389 2564 sq,
1431 2513 1478 2551 fr.
1509 2513 1584 2551 162
1623 2511 1671 2549 de

196 2582 335 2623 Amasi
367 2591 534 2630 regnum
563 2581 812 2633 usurpante),
