1844 2898
821 72 1087 111 ..20—

321 179 370 217 In
404 180 545 230 operis,
570 181 773 230 prooemio
808 180 906 217 dicit
934 180 1188 217 Persarum
1218 181 1350 219 viros
1377 180 1548 219 doctos
1578 194 1683 217 nar-

213 257 338 293 rare,
367 248 606 283 mercatores
625 242 863 283 Phoenicios
891 241 934 282 Io
963 242 1055 282 dolo
1075 248 1227 295 raptam
1248 243 1371 297 Argis
1390 244 1431 284 in
1451 244 1683 297 Aegyptum

212 307 402 344 avexisse.
438 307 494 344 11
531 307 745 357 Περσέων
774 308 815 343 οἱ
842 306 992 355 λόγιοι
1012 307 1183 347 Φοίνικας
1211 308 1346 349 αἰτίους
1373 309 1484 359 φασὶ
1511 308 1682 356 γενέσθαι

211 373 275 422 τῆς
303 370 493 422 διαφορῆς.
535 369 686 411 τούτους
713 368 780 421 γὰρ
797 397 806 407 .
823 397 833 407 .
849 397 859 407 .
916 368 953 407 2.
982 368 1077 407 οὕτω
1106 368 1171 420 μὲν
1187 368 1280 408 Ἰοῦν
1301 369 1340 412 ἐς
1360 368 1538 422 Αἴγυπτον
1559 368 1681 409 ἀπικέ-

212 436 298 473 σθαι
335 435 525 485 λέγουσι
562 434 752 485 Πέρσαι,
795 434 861 472 οὐκ
896 436 946 475 ὡς
971 432 1172 485 Ἕλληνες
1216 449 1295 485 quo
1331 435 1435 474 facto
1470 435 1683 474 nonnullos

212 497 411 545 Graecos,
453 511 622 547 quorum
651 497 811 534 nomina
838 497 1043 548 ignorent,
1078 496 1303 547 Europam,
1338 497 1549 549 Tyriorum
1578 498 1682 548 regis

210 561 352 610 filiam,
388 561 586 612 rapuisse3
624 560 693 599 sed
722 560 865 599 Persas
902 560 1100 610 conicere,
1136 559 1347 600 Cretenses
1381 561 1514 601 fuisse.
1570 564 1681 601 ταῦτα

212 627 276 677 μὲν
307 627 351 675 δὴ
382 625 441 662 ἴσα
471 637 533 676 σφι
561 626 650 675 πρὸς
678 624 737 662 ἴσα
766 624 950 674 γενέσθαι.
1008 624 1098 675 μετὰ
1132 625 1174 662 δὲ
1203 628 1315 663 ταῦτα
1334 624 1519 675 ’Έλληνας
1549 625 1683 666 αἰτίους

210 693 273 741 τῆς
302 689 478 740 δευτέρης
505 688 646 739 ἀδικίης
665 687 855 738 γενέσθαι;
885 702 976 726 nam
995 688 1116 741 longa
1135 688 1224 727 navi
1246 689 1286 727 in
1308 689 1432 727 Aeam
1450 687 1680 731 Colchidem

210 753 260 791 ad
290 752 503 790 Phasideln
540 752 703 790 fluvium
740 757 874 789 vectos
918 752 1134 789 ἐνθεῦτεν
1178 752 1682 803 διαπρηξαμένουςκαὶ

209 815 352 853 τᾶλλα
381 818 463 853 τῶν
495 815 673 853 εἵνεκεν
704 816 917 860 ἀπίκατο,
948 815 1053 867 regis
1081 815 1202 854 filiam
1231 815 1419 854 Medeam
1448 816 1679 863 abstulisse3

209 879 353 917 deinde
396 879 690 927 Alexandrum,
739 879 888 916 Priami
929 879 1074 926 filium,
1123 879 1163 917 in
1207 879 1418 917 Graeciam
1463 879 1680 930 profectum

208 942 406 980 Helenam
435 956 570 979 secum
600 941 825 990 abduxisse,
854 941 902 979 de
923 955 1001 992 qua
1021 955 1062 979 re
1085 954 1174 979 cum
1196 942 1342 980 Graeci
1361 941 1467 993 apud
1486 942 1680 980 Troianos

208 1011 482 1055 quererentur,
511 1005 599 1043 illos
626 1004 812 1042 Medeam
842 1010 994 1055 raptam
1024 1005 1073 1042 iis
1101 1005 1305 1043 obiecisse.
1361 1008 1385 1043 4
1415 1005 1522 1056 μέχρι
1550 1006 1678 1043 τούτου

208 1068 371 1119 ἁρπαγὰς
406 1068 542 1119 μούνας
578 1067 667 1106 εἶναι
700 1068 779 1119 παρ’
805 1068 993 1118 ἀλλήλων,
1037 1068 1076 1105 τὸ
1114 1068 1154 1106 δὲ
1190 1069 1260 1106 ἀπὸ
1294 1068 1424 1106 τούτου
1454 1066 1681 1119 ’Έλληνας

208 1134 417 1185 μεγάλως
460 1132 635 1174 αἰτίους
678 1131 907 1183 γενέσθαι.
970 1131 1216 1184 προτέρους
1258 1131 1337 1184 γὰρ
1380 1131 1509 1185 ἄρξαι
1547 1145 1677 1184 στρα-

206 1198 427 1234 τεύεσθαι
457 1197 503 1237 ἐς
531 1197 612 1245 τὴν
638 1196 797 1245 Ἀσίην
827 1196 851 1245 ἢ
881 1196 1022 1247 σφέας
1052 1197 1096 1237 ἐς
1124 1198 1200 1246 τὴν
1222 1196 1517 1247 Εὐρώπην...
1562 1196 1680 1247 σφέας

206 1260 288 1302 τοὺς
332 1260 372 1299 ἐκ
407 1263 471 1310 τῆς
501 1258 634 1310 Ἀσίης
671 1259 858 1310 λέγουσι
894 1259 1065 1311 Πέρσαι
1101 1259 1358 1312 ἁρπαζομένων
1395 1262 1464 1298 τῶν
1499 1262 1677 1310 γυναικῶν

203 1324 311 1373 λόγον
341 1324 474 1361 οὐδένα
502 1325 737 1373 ποιήσασθαι.
758 1322 941 1373 ’Έλληνος
970 1325 1010 1361 δὲ
1033 1324 1321 1373 Λακεδαιμονίης
1350 1324 1484 1362 εἵνεκεν
1512 1325 1680 1372 γυναικὸς

204 1385 331 1424 στόλον
370 1385 483 1436 μέγαν
521 1389 740 1437 συναγεῖραι.
804 1386 873 1423 ἀπὸ
903 1386 1032 1423 τούτου
1063 1386 1133 1423 αἰεὶ
1161 1386 1371 1436 ἡγήσασθαι
1399 1387 1439 1423 τὸ
1462 1384 1677 1436 ξΕλληνικὸν

204 1451 302 1501 σφίσι
341 1449 430 1488 εἶναι
464 1448 649 1500 πολέμιον.
706 1450 769 1499 τὴν
805 1449 872 1500 γὰρ
897 1448 1028 1499 Ἀσίην
1057 1451 1118 1487 καὶ
1147 1449 1190 1487 τὰ
1220 1449 1424 1487 ἐνοικέοντα
1454 1448 1564 1488 ἔθνεα
1594 1450 1677 1502 βάρ-

204 1514 298 1565 βαρα
326 1513 545 1563 οἰκηιεῦνται
574 1514 607 1550 οἱ
630 1512 779 1564 Πέρσαι.
838 1515 873 1550 5.
904 1512 999 1550 οὕτω
1023 1511 1199 1563 Πέρσαι
1228 1512 1376 1562 λέγουσι
1405 1512 1588 1561 γενέσθαι,
1618 1513 1678 1550 καὶ

203 1577 276 1615 διὰ
305 1577 382 1627 τἠν
408 1576 545 1614 Ἰλίου
576 1576 743 1614 ἅλωσιν
774 1576 1048 1627 εὑρίσκουσι
1078 1576 1204 1628 σφίσι
1235 1576 1396 1614 ἐοῦσαν
1426 1577 1501 1627 τὴν
1532 1577 1676 1629 ἀρχὴν

201 1643 279 1690 τῆς
320 1639 499 1693 ἔχθρης
535 1640 581 1681 ἐς
616 1640 717 1681 τοὺς
744 1638 989 1690 “Enniana
1058 1639 1171 1678 Haec
1207 1645 1369 1691 propter
1403 1639 1501 1678 illud
1541 1639 1677 1691 Πέρσαι

201 1703 350 1753 λέγουσι
380 1718 402 1741 a
432 1703 565 1741 Persis
595 1702 815 1751 nonnullis,
845 1716 945 1752 quos
974 1702 1214 1751 convenerit,
1243 1717 1334 1741 cum
1362 1717 1433 1754 per
1460 1703 1598 1741 Asiam
1628 1703 1678 1742 ad

199 1765 402 1804 materiam
446 1765 708 1817 colligendam
750 1765 825 1803 iter
866 1765 1031 1813 faceret,
1074 1764 1273 1804 audivisse
1310 1764 1560 1804 Herodotum
1602 1766 1677 1805 viri

200 1830 306 1868 docti
336 1835 499 1868 sumunt
526 1829 729 1879 (ΜΑΤΖΛΤ
757 1828 893 1867 Herm.
916 1829 977 1867 VI
1006 1831 1098 1878 452,
1128 1827 1259 1867 STEIN
1283 1829 1303 1867 I
1333 1844 1371 1880 p.
1395 1831 1458 1878 29,
1487 1828 1676 1868 NITZSCH

199 1908 237 1944 p.
259 1894 351 1942 231,
372 1894 437 1941 37,
468 1892 629 1941 BAUER,
650 1892 871 1931 Entsteh.
892 1892 1051 1931 herod.
1074 1891 1293 1931 Geschw.
1324 1907 1362 1943 p.
1388 1893 1482 1932 138:
1519 1895 1675 1931 »Perser

198 1957 321 1995 haben
350 1971 387 1995 es
414 1957 493 1994 ihm
519 1957 701 2004 erzci‘lzlt«,
731 1970 767 2006 p.
792 1956 862 1994 39:
898 1956 1017 1993 »nac-lc
1029 1956 1242 2006 pei-sigeber
1265 1955 1458 2005 Quelle«);
1488 1955 1558 1994 sed
1587 1956 1676 2006 quis

198 2020 302 2058 serio
338 2019 530 2071 cogitabit
567 2018 709 2057 Persas
743 2025 824 2056 tam
861 2018 975 2057 docte
1011 2018 1186 2056 eruditos
1221 2018 1342 2057 fuisse
1377 2019 1675 2070 litterarumque

198 2081 444 2122 Graecarum
473 2080 606 2120 studio
641 2087 722 2120 tam
758 2081 969 2133 diligenter
997 2095 1038 2120 se
1068 2080 1245 2130 dedisse,
1282 2087 1325 2120 ut
1354 2096 1432 2120 non
1463 2082 1588 2121 solum
1617 2082 1675 2120 fa-

196 2146 311 2185 bulas
354 2160 377 2184 a
411 2146 540 2196 poetis
576 2145 743 2184 Graecis
787 2146 963 2197 proditas
1006 2146 1298 2185 accuratissime
1341 2147 1563 2195 novissent,
1605 2146 1675 2185 sed

197 2210 314 2248 etiam
344 2209 385 2247 in
415 2214 620 2260 poetarum
650 2210 896 2248 narrationes
925 2209 1171 2259 inquirerent
1204 2223 1349 2261 easque
1379 2210 1433 2248 ita
1462 2210 1674 2261 interpola-

196 2278 303 2321 rent,
342 2278 386 2310 ut
420 2273 502 2310 veri
532 2273 680 2311 similes
709 2286 794 2311 esse
823 2272 1077 2311 viderentur?
1133 2271 1214 2311 Sed
1243 2273 1454 2311 Persarum
1483 2272 1588 2312 docti
1617 2273 1674 2311 illi

195 2335 276 2373 ficti
306 2341 417 2383 sunt,
455 2335 787 2385 quemadmodum
819 2335 1013 2386 Scythae,
1043 2335 1329 2384 Athenienses,
1358 2336 1518 2387 Argivi,
1548 2336 1674 2374 Grae-

195 2412 331 2437 corum
369 2397 551 2449 plurimi,
595 2397 920 2448 Lacedaemonii,
959 2396 1103 2447 Samii,
1138 2398 1414 2448 Potidaeatae,
1452 2397 1673 2450 Sybaritae,

195 2461 406 2513 Aegyptii,
445 2461 493 2499 de
524 2462 668 2512 quibus
697 2462 880 2501 vidimus.
939 2461 1229 2500 Herodotus
1266 2476 1527 2513 quaerens,
1565 2476 1672 2502 num

193 2524 335 2573 belli,
356 2524 484 2575 quod
505 2524 684 2564 Persae
706 2523 912 2564 Graecis
931 2525 1227 2575 intulerunt,
1248 2526 1476 2576 antiquae
1497 2539 1672 2564 causae

193 2588 434 2640 intellegi
478 2594 702 2640 possent,
745 2588 898 2628 fabulas
935 2588 983 2627 de
1020 2588 1094 2638 Jo,
1137 2588 1320 2641 Europa,
1363 2588 1526 2639 Medea,
1566 2582 1672 2629 >bello
