1844 2898
800 81 1096 121 -213-v

190 185 323 237 ipsos
352 186 397 225 id
427 201 636 235 narrare3
667 188 716 227 de
745 188 951 240 Phrygum
979 188 1131 240 origine
1160 187 1208 227 ad
1234 187 1502 227 Macedonum
1529 202 1663 227 narra—

191 250 339 288 tionem
369 256 561 301 provocat
588 251 656 300 (de
685 266 765 302 quo
792 252 878 290 loco
907 252 1009 290 infra
1030 251 1286 302 videbimus);
1315 265 1363 290 ex
1382 251 1527 302 quibus
1546 251 1664 290 rebus

192 312 358 351 iudicari
387 319 530 365 potest,
560 329 679 366 quam
701 315 816 366 plane
836 314 886 353 ad
906 314 1111 354 arbitrium
1131 314 1181 354 ad
1201 314 1410 367 Bithynos,
1431 314 1663 363 Phoenices,

192 376 363 428 Cyprios
392 377 622 417 Herodotus
650 375 934 430 provocaverit,

301 440 384 480 VII
406 443 452 480 61
486 441 605 480 refert
634 442 775 481 Persas
809 442 1029 493 antiquitus
1063 457 1086 481 a
1115 441 1280 482 Graecis
1309 441 1536 494 Cephenes,
1572 456 1595 480 a
1623 455 1664 480 se

192 504 289 554 ipsis
321 505 488 543 Artaeos
517 506 753 554 nominatos,
783 519 871 544 cum
892 505 1063 545 Perseus
1092 505 1142 544 ad
1162 505 1380 557 Cepheum,
1410 506 1498 544 Beli
1524 504 1664 553 filium,

194 567 366 606 venisset
394 573 512 618 atque
532 569 681 607 Persen
709 569 837 606 filium
866 583 914 607 ex
935 568 1203 618 Andromeda,
1234 568 1387 620 Cephei
1405 569 1499 618 filia,
1528 573 1664 607 natum

194 630 248 668 ibi
278 632 513 681 reliquisset,
542 631 592 670 ab
622 646 669 670 eo
689 646 833 671 nomen
854 633 1066 684 accepisse.
1107 632 1291 671 Hellan.
1312 632 1358 671 fr.
1385 632 1459 670 160
1484 623 1665 670 Χαλδαῖοι

193 696 228 731 οἱ
255 694 425 746 πρότερον
457 694 644 746 Κηφῆνες,
682 697 753 735 159
780 695 952 747 Ἀρταῖοι,
985 696 1144 748 Περσικὴ
1173 697 1298 748 χώρα,
1328 696 1369 746 ἣν
1400 695 1546 734 ἐπόλισε
1574 694 1664 746 Περ-

195 758 278 799 σεὺς
309 758 327 794 ὁ
361 757 533 808 Περσέως
561 760 622 796 καὶ
646 757 917 810 Ἀνδρομέδας;
955 759 1037 797 VII
1058 760 1109 797 74
1139 759 1252 797 Λυδοὶ
1281 758 1442 810 Μηϊὸνες
1471 759 1664 796 ἐκαλεῦντο

193 821 232 858 τὸ
261 822 384 868 πάλαι,
417 822 474 859 ἐπὶ
503 822 544 859 δὲ
569 822 688 860 Λυδοῦ
713 826 775 860 τοῦ
797 822 936 864 ”Ατυος
956 822 1065 874 ἔσχον
1086 823 1149 873 τὴν
1172 823 1390 874 ἐπωνυμίην.
1436 822 1556 861 Dion.
1572 821 1665 860 Hal.

193 885 288 922 Ant.
310 884 358 923 R.
390 899 422 923 c.
449 886 500 923 28
532 884 672 927 ’Ἄτυος
713 888 844 927 παῖδας
886 886 1057 936 γενέσθαι
1099 887 1199 935 λέγει
1239 886 1406 927 Ξάνθος
1446 886 1563 924 Λυδὸν
1605 886 1666 922 καὶ

195 946 397 999 Τὸρρηβον,
427 948 579 989 τούτους
599 949 640 986 δὲ
662 949 926 999 μερισαμένους
953 950 1016 999 τὴν
1036 949 1206 1000 πατρῴαν
1227 949 1343 1000 ἀρχὴν
1365 948 1401 985 ἐν
1426 947 1537 998 Ἀσία
1557 962 1665 985 κατα-

194 1014 311 1061 μεῖναι
340 1011 571 1063 ἀμφοτέρους
599 1013 659 1050 καὶ
687 1014 760 1054 τοῖς
789 1011 941 1058 ἔθνεσιν,
973 1013 1021 1050 ὧν
1051 1011 1173 1064 ἧρξαν,
1202 1011 1258 1050 ἀπ’
1277 1012 1423 1050 ἐκείνων
1449 1012 1538 1063 φησὶ
1558 1011 1667 1062 τεθῆ-

192 1088 250 1111 ναι
284 1075 347 1116 τὰς
382 1075 594 1124 ὀνομασίας;
632 1075 781 1113 Herod.
803 1075 890 1113 eod.
912 1076 935 1113 l.
995 1074 1117 1112 Μυσοί
1150 1075 1218 1113 εἰσι
1248 1075 1377 1112 Λυδῶν
1413 1073 1572 1119 ἄποικοι,
1610 1073 1664 1111 ἀπ’

195 1136 394 1188 Οὐλύμπου
440 1139 481 1176 δὲ
520 1138 648 1189 οὔρεος
685 1138 876 1177 καλέονται
916 1138 1174 1188 Οὐλυμπιηνοί.
1235 1136 1455 1176 Xanthus
1496 1136 1669 1175 narravit

194 1200 333 1251 Mysos
363 1215 386 1238 a
412 1201 537 1252 Lydis
567 1201 615 1239 iis
644 1194 763 1249 ortos,
793 1202 860 1251 qui
890 1201 964 1239 deo
994 1201 1136 1239 sacrati
1166 1201 1206 1238 in
1236 1199 1411 1251 Olympo
1439 1207 1571 1238 monte
1601 1214 1668 1238 ex-

193 1263 312 1315 positi
342 1269 488 1314 essent,
517 1264 713 1311 afraxino
734 1264 787 1303 ibi
808 1264 1025 1315 frequente,
1055 1277 1174 1314 quam
1194 1262 1300 1315 Lydi
1320 1276 1475 1315 mysum
1494 1262 1669 1314 appella-

194 1333 294 1376 rent,
326 1342 467 1366 nomen
497 1329 697 1380 accepisse
733 1329 797 1379 (fr.
820 1329 881 1379 8);
923 1328 1006 1367 VII
1029 1330 1077 1366 73
1107 1328 1287 1380 Phryges
1315 1327 1412 1366 dicit
1440 1326 1669 1365 Herodotus

195 1391 415 1442 antiquitus
436 1392 477 1431 in
495 1392 663 1431 Thracia
679 1392 970 1431 Macedonibus
990 1392 1141 1430 vicinos
1161 1390 1372 1430 habitasse.
1400 1390 1573 1429 Xanth.
1588 1390 1668 1428 fr.5

196 1456 287 1505 μετὰ
334 1457 377 1494 τὰ
421 1456 562 1507 Τρωϊκὰ
611 1457 729 1495 ἐλθεῖν
774 1457 856 1498 τοὺς
886 1456 1048 1506 ’Φρύγας
1091 1456 1132 1493 ἐκ
1174 1459 1237 1505 τῆς
1280 1453 1460 1506 Εὐρώπης
1499 1455 1560 1492 καὶ
1599 1457 1668 1491 τῶν

195 1519 389 1569 ἀριστερῶν
432 1523 494 1557 τοῦ
532 1519 686 1557 Πόντου.
727 1543 776 1547 -—
815 1520 1001 1557 Matzat
1036 1533 1074 1569 p.
1096 1520 1192 1557 479:
1247 1518 1350 1567 »jene
1384 1517 1670 1568 Bemerkunyen

195 1583 288 1622 iiber
340 1585 400 1622 die
447 1584 725 1635 Abstammuny
779 1585 862 1622 und
909 1585 1049 1634 einiyes
1095 1582 1301 1621 Aehnlicke
1348 1582 1415 1619 der
1463 1584 1537 1619 Art
1585 1581 1673 1619 sind

196 1646 426 1696 Eiqentlcum
460 1646 645 1684 Herodots
684 1648 767 1684 und
810 1647 867 1683 als
901 1647 1038 1683 solckes
1072 1645 1201 1695 kdufiy
1237 1645 1420 1682 bestimmt
1456 1645 1575 1681 durch.
1612 1645 1672 1681 die

196 1709 313 1748 Notiz
352 1710 681 1762 qelcennzez'clznet,
731 1711 819 1748 dass
862 1710 931 1747 das
973 1708 1195 1759 betrejffende
1233 1707 1321 1746 Vollc
1362 1709 1441 1745 dies
1481 1707 1564 1745 und
1603 1708 1672 1745 das

197 1774 315 1811 selber
341 1788 464 1824 saqes

306 1873 367 1912 IV
390 1876 437 1911 78
469 1873 550 1912 εὖτε
585 1875 713 1924 ἀγάγοι
746 1874 809 1924 τὴν
845 1873 1010 1925 στρατιὴν
1045 1873 1107 1923 τὴν
1137 1871 1311 1910 Σκυθέων
1347 1871 1385 1913 ἐς
1418 1871 1457 1909 τὸ
1489 1868 1671 1922 Βορυσθε-

199 1937 343 1975 νεϊτέων
374 1937 463 1975 ἄστυ
498 1938 561 1986 (οἱ
590 1938 631 1975 δὲ
662 1936 1009 1987 Βορυσθενεϊται
1043 1935 1140 1973 οὗτοι
1177 1935 1356 1985 λέγουσι
1393 1934 1509 1985 σφέας
1542 1934 1674 1975 αὐτοὺς

199 1999 289 2038 εἶναι
317 1999 551 2051 Μιλησίους).

308 2105 368 2143 IV
392 2107 441 2143 67
472 2107 509 2142 οἱ
539 2107 580 2143 δὲ
606 2103 814 2155 Ἐναρέες
847 2104 881 2141 οἱ
914 2103 1123 2154 ἀνδρογύνοι
1156 2103 1219 2152 τὴν
1250 2101 1473 2153 Ἀφροδίτην
1510 2114 1572 2152 σφι
1606 2100 1673 2139 λέ-

200 2182 328 2219 γουσι
357 2170 526 2219 μαντικὴν
557 2170 693 2207 δοῦναι.

309 2269 348 2308 V
369 2272 392 2309 9
429 2270 468 2307 οἱ
502 2270 543 2307 δὲ
584 2268 798 2321 βασιλέες
836 2267 952 2306 αὐτῶν
995 2266 1071 2317 (de
1105 2265 1325 2305 Thracibus
1360 2265 1465 2317 agit)
1510 2264 1677 2317 σέβονται

191 2332 335 2385 <Ερμῆν
372 2335 527 2384 μάλιστα
564 2334 680 2377 θεῶν,
718 2334 777 2370 καὶ
816 2332 997 2382 λέγουσι
1031 2330 1265 2381 γεγονέναι
1298 2330 1368 2368 ἀπὸ
1392 2328 1540 2381 Ἑρμέω
1569 2330 1676 2368 ἑωυ-

199 2398 311 2439 τούς.

309 2475 370 2514 IV
396 2477 470 2514 178
501 2475 641 2513 ἐκδιδοῖ
665 2473 770 2516 οὗτος
800 2474 838 2515 ἐς
867 2473 992 2524 λίμνην
1022 2473 1183 2524 μεγάλην
1206 2470 1415 2524 Τριτωνίδα.
1465 2471 1501 2509 ἐν
1524 2471 1564 2509 δὲ
1586 2470 1678 2521 αὐτῇ

200 2543 309 2590 νῆσος
344 2538 415 2585 ἔνι,
453 2544 498 2588 τῇ
531 2538 670 2588 οὔνομα
691 2537 799 2575 ,Φλοί.
857 2537 990 2587 ταύτην
1021 2536 1062 2574 δέ
1091 2537 1154 2585 τὴν
1188 2539 1295 2586 νῆσον
1326 2533 1682 2585 Λακεδαιμόνιοί

202 2615 309 2657 φασι
338 2601 458 2653 λόγιον
489 2606 579 2640 εἶναι
606 2601 735 2639 κτίσαι.
