1844 2898
777 91 1042 129 -41,

172 197 391 247 narratio
407 197 680 249 Aeginetas
708 198 854 247 solos,
885 197 1100 249 Argivos
1128 197 1279 246 solos,
1309 197 1471 236 ambos
1492 196 1641 247 respi-

171 259 354 309 ciebat,
405 274 533 299 nunc
573 260 632 300 ad
675 260 947 313 Aeginetae
990 260 1142 309 solos,
1188 274 1317 298 nunc
1358 260 1417 298 ad
1459 259 1641 307 ambos,

172 337 298 362 nunc
326 323 382 362 ad
410 324 625 376 Argivos
653 325 785 364 solos
813 324 1116 377 provocavit:

279 408 385 449 V86
416 408 652 461 Αἰγινῆται
687 410 884 460 λέγουσι,
918 410 962 448 οὐ
1002 415 1066 461 μιῇ
1099 409 1158 460 νηῒ
1194 408 1387 446 ἀπικέσθαι
1424 409 1640 459 Αθηναίους,

172 472 265 510 ἀλλὰ
291 474 446 524 πολλῇσι
478 474 585 525 νηυσὶ
614 473 805 512 ἐπιπλώειν
842 487 905 526 σφι
942 474 999 513 ἐπὶ
1032 474 1095 524 τὴν
1121 474 1249 525 χώρην
1270 501 1404 511 .....
1430 472 1642 523 Ἀθηναίους

175 536 240 586 μὲν
275 536 320 586 δὴ
353 539 466 574 ταῦτα
508 536 660 582 ποιέειν,
705 528 821 588 σφέας
863 538 904 575 δὲ
941 536 1167 587 Αἰγινῆται
1200 536 1381 586 λέγουσι
1414 535 1643 585 πυθομένους

173 598 256 640 τοὺς
280 597 507 650 Ἀθηναίους
535 602 585 641 ὡς
615 599 781 651 μέλλοιεν
816 601 875 640 ἐπὶ
908 600 1025 653 σφέας
1058 600 1337 652 στρατεύεσθαι,
1380 599 1545 650 ἑτοίμους
1569 597 1642 649 Ἀρ-

176 662 297 711 γείους
315 662 522 709 ποιέεσθαι;
542 663 715 714 Argivos
735 664 836 702 clam
855 664 896 701 in
916 664 1084 702 insulam
1102 664 1304 701 transiisse
1324 669 1364 701 et
1378 662 1644 700 Athenienses

173 723 333 764 adortos
367 725 482 777 plane
516 724 721 765 delevisse.
777 726 827 765 87
858 725 1034 776 λέγεται
1067 726 1132 777 μέν
1166 741 1226 764 νυν
1272 726 1337 763 ὑπ’
1370 725 1563 777 Ἀργείων
1598 738 1642 761 τε

173 789 244 826 καὶ
274 786 540 838 Αἰγινητέων
569 789 690 835 τάδε,
728 789 965 840 ὁμολογέεται
993 790 1034 827 δὲ
1062 790 1124 827 καὶ
1153 789 1205 827 ὑπ’
1246 788 1445 839 Ἀθηναίων
1475 788 1538 825 ἕνα
1558 791 1641 838 μοῦ-

172 864 230 888 νον
260 851 318 889 τὸν
347 850 586 888 ἀποσωθέντα
612 850 729 889 αὐτῶν
762 851 799 893 ἐς
825 852 888 902 τὴν
915 850 1083 902 Ἀττικὴν
1104 850 1287 901 γενέσθαι.
1329 852 1420 900 πλὴν
1447 849 1643 901 Ἀργεῖοι

174 914 238 965 μὲν
273 913 455 965 λέγουσι
489 913 607 953 αὐτῶν
641 915 681 953 τὸ
706 913 872 954 Ἀττικὸν
908 914 1148 967 στρατόπεδον
1193 915 1496 967 διαφθειράντων,
1538 911 1642 963 Ἀθη-

172 980 264 1015 ναῖοι
292 978 334 1015 δὲ
362 980 426 1015 τοῦ
455 978 640 1028 δαιμονίου
670 978 736 1028 (cf.
758 993 796 1029 p.
816 979 897 1028 39).
943 977 1053 1027 Quid
1081 978 1225 1016 deinde
1254 992 1357 1016 unus
1377 978 1441 1015 ille
1463 976 1643 1015 Athenas

173 1054 353 1080 reversus
381 1040 437 1080 ibi
465 1055 605 1093 passus
633 1041 697 1092 sit,
725 1041 991 1081 Athenienses
1020 1047 1192 1081 narrant.

280 1140 343 1179 Ita
377 1140 418 1179 in
457 1141 680 1180 narratione
716 1141 764 1180 de
799 1156 937 1194 pugna
971 1141 1021 1180 ad
1050 1141 1255 1179 Himeram
1292 1140 1501 1179 commissa
1529 1145 1568 1178 et
1595 1138 1644 1177 de

174 1204 413 1244 Hamilcaris
450 1205 839 1258 Carthaginiensium
882 1206 994 1245 ducis
1028 1206 1188 1244 interitu
1225 1204 1561 1257 Syracusanos
1598 1203 1642 1241 id

175 1268 327 1319 ipsum
368 1283 562 1308 narrare
605 1269 746 1319 dicit,
790 1269 928 1308 illum
970 1274 1081 1321 post
1121 1283 1319 1308 suorum
1363 1268 1544 1307 cladem
1587 1281 1644 1304 ex

173 1331 414 1370 hominum
449 1340 718 1384 conspectu
754 1332 1009 1372 sublatum
1045 1347 1176 1380 esse3
1212 1346 1340 1382 neque
1372 1332 1476 1370 enim
1511 1331 1643 1368 vivum

173 1409 262 1433 eum
290 1395 522 1447 apparuisse
551 1410 624 1435 nec
652 1396 737 1436 eius
767 1410 910 1448 corpus
938 1397 1219 1448 investigatum
1248 1409 1345 1444 esse,
1374 1394 1529 1434 Gelone
1557 1393 1645 1431 dili-

172 1457 402 1509 gentissime
437 1465 652 1510 quaerente
686 1459 789 1511 (VII
817 1462 891 1500 166
922 1460 1100 1511 λέγεται
1144 1460 1221 1497 ὑπὸ
1263 1462 1345 1497 τῶν
1386 1459 1428 1496 ἐν
1459 1457 1645 1507 Σικελίῃ

173 1521 443 1571 οἰκημένων,
472 1523 531 1560 τὸν
556 1522 750 1573 Ἀμίλκαν,
780 1526 830 1565 ὡς
857 1524 880 1573 ἡ
909 1524 1075 1576 συμβολή
1104 1537 1144 1561 τε
1172 1523 1308 1572 ἐγίνετο
1335 1523 1395 1559 καὶ
1421 1524 1471 1562 ὡς
1496 1522 1644 1558 ἑσσοῦτο

173 1585 217 1635 τῇ
260 1584 383 1636 μάχῃ,
426 1585 733 1638 ἀφανισθῆναι.
794 1586 878 1625 οὔτε
913 1586 980 1639 γὰρ
1016 1587 1155 1630 ζώοντα
1187 1602 1222 1624 κ.
1237 1601 1268 1624 τ.
1285 1586 1355 1635 λ.);
1399 1582 1645 1635 Carthagi-

174 1647 281 1685 nien
295 1661 367 1686 ses
395 1654 565 1698 autem,
597 1649 879 1689 Hamilcaris
907 1651 1177 1701 populares,
1206 1650 1252 1687 id
1272 1648 1502 1699 quomodo
1523 1647 1645 1685 acci-

174 1710 314 1761 derit,
343 1717 560 1752 accurate
589 1711 912 1753 describentes
940 1713 1065 1752 fecit.
1118 1714 1191 1752 167
1223 1711 1314 1751 ἔστι
1343 1713 1384 1751 δὲ
1416 1711 1473 1750 ὑπ’
1502 1711 1644 1750 αὐτῶν

175 1773 493 1826 Καρχηδονίων
538 1777 612 1815 ὅδε
657 1778 676 1814 ὁ
718 1776 853 1827 λόγος
894 1776 1155 1827 λεγόμενος
1155 1804 1320 1815 ......
1324 1806 1334 1822 ,
1370 1776 1465 1814 dum
1500 1791 1523 1813 a
1551 1776 1645 1814 solis

174 1842 263 1877 ortu
291 1851 418 1889 usque
446 1838 497 1878 ad
526 1853 735 1891 vesperum
762 1839 921 1880 barbari
955 1854 1046 1879 cum
1076 1838 1241 1879 Graecis
1275 1839 1551 1892 confligerent,
1586 1839 1646 1878 in-

175 1907 284 1941 terea
302 1901 570 1942 Hamilcarem
600 1904 641 1943 in
670 1904 808 1943 castris
836 1919 917 1943 rem
939 1918 1089 1943 sacram
1118 1904 1258 1943 fecisse
1287 1909 1326 1942 et
1354 1918 1475 1955 super
1502 1917 1646 1955 magno

174 1979 271 2018 rogo
298 1964 480 2006 victimas
509 1967 719 2015 cecidisse3
748 1967 874 2007 victos
902 1982 995 2006 vero
1024 1973 1064 2006 et
1080 1968 1279 2019 fugientes
1301 1981 1391 2006 011111
1412 1981 1505 2006 81108
1524 1966 1647 2006 vidis—

174 2039 246 2083 set,
274 2033 314 2073 in
342 2032 478 2084 ignem
508 2045 549 2070 se
578 2030 792 2071 coniecisse
820 2037 940 2082 atque
969 2032 1024 2071 ita
1052 2046 1100 2070 ex
1128 2031 1330 2070 hominum
1363 2031 1487 2071 oculis
1507 2031 1647 2083 abrep-

173 2102 260 2136 tum
287 2109 374 2136 esse
394 2124 402 2133 .
426 2124 434 2133 .
456 2124 465 2133 .
487 2123 496 2133 .
526 2095 640 2132 οὔτω
669 2095 722 2145 δὴ
751 2094 1102 2133 κατακαυθέντα
1122 2095 1445 2146 ἀφανισθῆναι.
1487 2094 1646 2134 Utris-

174 2174 280 2211 que,
327 2157 450 2211 quod
492 2157 665 2209 quique
711 2163 807 2197 tum
852 2157 1090 2207 viderunt,
1137 2157 1421 2197 narrandum
1462 2158 1645 2197 tribuit.

175 2223 305 2263 Aliter
331 2222 396 2261 hic
423 2223 535 2261 locus
564 2221 742 2274 intellegi
770 2235 850 2260 non
877 2227 1021 2273 potest.
1068 2221 1174 2260 Nam
1203 2222 1286 2272 qui,
1315 2235 1404 2260 cum
1430 2221 1646 2274 Syracusa-

175 2300 247 2327 nos
281 2291 321 2326 et
348 2285 506 2325 Poenos
540 2299 698 2324 narrare
732 2284 839 2325 dicat
872 2284 1121 2335 Herodotus,
1166 2284 1258 2324 inde
1293 2285 1429 2335 sumit,
1473 2299 1562 2323 eum
1597 2285 1645 2324 ab

175 2350 354 2401 utrisque
383 2349 599 2388 audivisse:
629 2349 663 2388 is
691 2364 787 2387 num
815 2354 975 2400 paratus
1004 2349 1079 2387 erit
1111 2349 1296 2400 probare,
1326 2349 1533 2387 Herodoto
1562 2364 1645 2387 om-

143 2412 145 2414 ’
175 2413 285 2453 11111111
314 2411 562 2453 Graecorum
590 2412 718 2465 primo
748 2412 979 2465 contigisse,
1013 2418 1057 2452 ut
1086 2427 1134 2452 ex
1163 2412 1550 2466 Carthaginiensium
1579 2426 1645 2451 ore

174 2476 274 2517 illud
303 2476 475 2526 audiret,
510 2475 666 2516 Siculos
695 2482 846 2526 autem,
880 2491 970 2515 cum
999 2476 1092 2515 inde
1121 2491 1170 2515 ex
1198 2492 1334 2529 pugna
1362 2476 1412 2515 ad
1440 2476 1646 2515 Himeram

175 2540 388 2579 commissa
414 2553 486 2592 per
513 2538 722 2578 dimidium
751 2539 953 2578 saeculum
982 2552 1073 2577 cum
1092 2539 1239 2578 Poenis
1269 2539 1502 2577 commercia
1522 2539 1647 2577 habu-

176 2603 313 2653 issent,
342 2617 559 2656 numquam
589 2608 628 2642 et
656 2603 764 2656 ipsos
793 2608 1018 2644 accuratam
1047 2604 1311 2643 narrationem
1340 2602 1388 2642 de
1408 2602 1649 2644 Hamilcaris
