1844 2898
764 641 981 703 Vita.

246 875 370 928 Hugo
390 876 592 929 Panofsky
619 882 735 916 natus
764 891 851 916 sum
870 876 1031 916 Glivioii
1059 878 1099 916 in
1129 877 1276 929 oppido
1304 878 1346 916 in
1365 875 1506 916 Silesia
1535 878 1610 916 sito

141 964 177 989 a.
199 949 237 988 d.
258 949 332 989 VI.
352 950 412 989 Id.
432 950 516 989 Jul.
546 951 638 990 anni
669 953 772 991 1860
801 959 912 1003 patre
941 951 1151 1000 Mauricio,
1180 957 1305 990 matre
1333 951 1532 1000 Johanna‚
1561 951 1610 990 de

137 1029 256 1076 gente
274 1022 540 1076 Schlesinger,
559 1030 726 1075 utroque
746 1024 876 1063 adhuc
894 1025 995 1062 vivo.
1031 1024 1171 1063 Fidem
1192 1024 1379 1075 profiteor
1392 1024 1608 1063 Iudaicam.

139 1095 240 1136 Cum
271 1103 454 1149 parentes
484 1098 559 1136 mei
588 1112 691 1136 anno
725 1099 825 1137 1864
854 1098 1031 1137 Berolini
1060 1098 1302 1137 domicilium
1337 1098 1610 1147 collocassent,

138 1170 212 1208 hac
230 1170 271 1209 in
291 1171 387 1210 urbe
404 1172 542 1223 primis
557 1172 774 1210 litterarum
790 1172 993 1210 elementis
1013 1172 1051 1210 in
1069 1172 1205 1211 schola
1219 1187 1255 1210 v.
1272 1172 1309 1210 d.
1327 1172 1400 1210 Dr.
1417 1172 1609 1210 Kuerteni

138 1245 315 1284 imbutus
342 1245 435 1283 inde
464 1245 512 1284 ab
533 1260 636 1283 anno
662 1246 762 1284 1869
783 1259 853 1296 per
873 1245 1007 1283 decem
1029 1260 1154 1284 annos
1179 1245 1429 1297 gymnasium
1449 1245 1611 1283 Joaehi-

138 1318 283 1356 micum
312 1318 573 1370 frequentavi.
607 1320 726 1357 Anno
751 1319 851 1358 1879
878 1318 1116 1358 maturitatis
1145 1319 1415 1357 testimonium
1444 1318 1612 1369 adeptus

138 1396 256 1442 atque
284 1391 387 1430 inter
414 1392 519 1430 cives
548 1392 816 1430 universitatis
844 1390 1302 1430 Friderico-Guilelmae
1330 1397 1513 1442 receptus
1542 1404 1612 1442 per

138 1466 275 1504 novies
316 1466 520 1504 semestria
560 1465 601 1504 in
636 1465 769 1504 studia
803 1465 1044 1516 philologica
1080 1471 1119 1503 et
1156 1465 1343 1503 historica
1376 1464 1539 1502 incubui
1573 1470 1613 1502 et

139 1538 293 1578 scholas
321 1537 401 1577 adii
429 1538 695 1590 professorum
724 1536 871 1587 Curtii,
901 1537 1098 1590 Diltheyi,
1127 1537 1220 1576 Joh.
1251 1536 1369 1577 Gust.
1400 1536 1611 1589 Droyseui,

141 1612 213 1651 Dr.
229 1611 322 1652 Joh.
339 1612 551 1664 Droyseni,
572 1612 790 1662 Huebneri‚
809 1612 1017 1664 Kiepertii,
1035 1611 1125 1651 Ad.
1141 1612 1390 1660 Kirchhoffii,
1411 1610 1611 1659 Paulseni,

140 1684 391 1735 Treitschkii,
413 1684 724 1735 Wattenbachii,
754 1685 908 1724 Zelleri.
956 1685 1319 1724 Exercitationibus
1342 1684 1502 1723 interfui
1528 1683 1611 1735 epi-

140 1757 339 1809 graphicis
373 1773 396 1796 a
423 1758 689 1807 Kirchhoffio,
723 1758 974 1810 philologieis
1009 1758 1058 1796 ab
1087 1758 1323 1807 Huebnero,
1358 1758 1554 1796 historicis
1589 1773 1611 1795 a

140 1832 233 1872 Joh.
264 1831 381 1872 Gust.
414 1831 623 1883 Droyseno
652 1837 691 1870 et
720 1832 791 1870 Dr.
824 1832 1033 1885 Droyseno
1061 1832 1265 1871 institutis.
