1844 2898
756 112 1019 150 -29—

257 217 320 257 IV
344 220 416 258 196
446 218 635 269 λέγουσι
664 218 1006 272 Καρχηδόνιοι,
1043 217 1131 257 εἶναι
1166 221 1228 268 τῆς
1257 219 1394 271 Λιβὺης
1425 220 1548 271 χῶρόν
1577 236 1615 259 τε

150 282 211 319 καὶ
252 282 464 333 ἀνθρώπους
506 310 516 320 .
544 311 553 320 .
581 310 591 320 .
648 283 687 324 ἐς
727 282 810 323 τοὺς
854 282 961 320 ἐπεὰν
1004 281 1197 319 ἀπίκωνται
1238 283 1298 319 καὶ
1341 283 1532 324 ἐξέλωνται
1574 284 1617 321 τὰ

151 345 280 397 φορτία
310 373 509 384 .......
537 346 620 388 τοὺς
648 345 676 384 δ’
711 345 926 398 ἐπιχωρίους
956 373 1089 384 .....

257 454 279 493 Ι
308 457 357 496 94
395 457 508 508 φασὶ
542 456 668 495 αὐτοὶ
706 456 868 506 Λυδοί,
904 456 1131 508 Tyrrhenos
1168 456 1217 495 ab
1252 456 1349 508 ipsis
1377 462 1482 496 ortos
1518 472 1615 507 esse,

151 534 174 557 a
209 519 416 571 Tyrrheno
453 521 556 572 regis
591 521 707 571 Atyis
741 521 841 568 filio,
883 520 987 572 Lydi
1030 520 1168 569 fratre,
1212 520 1365 558 colonia
1399 536 1444 558 eo
1479 521 1615 559 ducta:

151 582 255 633 quod
293 597 341 621 ne
377 584 480 622 inter
518 598 559 622 se
594 583 753 633 quidem
789 582 894 634 Lydi
931 589 1140 622 narrarunt
1173 583 1343 634 (Xanth.
1375 583 1477 634 Lyd.
1512 585 1557 622 fr.
1584 587 1617 633 1,

150 660 186 683 v.
216 660 254 697 p.
280 647 359 696 10),
387 646 456 685 sed
485 646 686 698 ingenium
716 645 914 684 Graecum
942 646 1103 685 finxisse
1132 652 1306 698 apparet.

257 756 320 794 IV
335 757 384 794 4‘2
411 756 528 809 Λιβύη
551 757 659 807 δηλοῖ
674 756 814 806 ἑωυτὴν
835 756 947 793 ἐοῦσα
965 756 1192 807 περίρρυτος,
1211 756 1319 795 Νεκῶ
1334 760 1396 795 τοῦ
1414 756 1615 807 Αἰγυπτίων

153 820 322 872 βασιλέος
349 819 630 864 καταόέΕαντος,
662 819 701 861 ὃς
729 818 920 870 ἀπέπεμψε
949 819 1119 860 Φοίνικας
1147 819 1278 870 ἄνδρας
1298 849 1307 857 .
1329 848 1337 858 .
1360 849 1368 857 .
1388 822 1449 858 καὶ
1478 819 1616 869 ἔλεγον,

151 885 200 925 ὡς
234 884 496 935 περιπλώοντες
530 883 593 933 τὴν
630 882 767 935 Λιβύην
789 910 798 920 .
820 910 830 920 .
851 910 861 920 .
919 882 968 920 43
1008 883 1103 920 οὕτω
1141 884 1204 933 μὲν
1242 883 1330 934 αὕτη
1371 884 1537 934 ἐγνώσθη
1577 884 1616 922 τὸ

149 950 302 997 πρῶτον,
332 947 443 997 μετὰ
472 947 518 984 δὲ
540 944 862 996 Καρχηδόνιοί
888 946 973 983 εἰσι
1002 947 1042 982 οἱ
1070 946 1295 994 λε’-(οντες,
1327 947 1404 984 ἐπεὶ
1425 947 1618 996 Σατάσπης

150 1023 192 1059 γε
223 1010 242 1046 ὁ
271 1007 447 1050 Τεάσπιος
483 1009 571 1059 ἀνὴρ
600 1007 864 1059 Ἀχαιμενίδης
897 1007 941 1045 οὐ
977 1008 1202 1059 περιέπλωσε
1238 1009 1393 1061 Λιβύην.
1437 1010 1491 1046 ἐπ’
1530 1009 1617 1047 αὐτὸ

149 1075 252 1110 τοῦτο
281 1073 461 1124 πεμφθεὶς
481 1100 490 1110 .
513 1101 522 1109 .
544 1087 572 1117 .;
607 1071 647 1109 in
677 1070 934 1121 sequentibus
963 1077 1112 1118 narrat,
1150 1072 1349 1122 quomodo
1377 1072 1523 1110 factum
1554 1073 1617 1120 sit,

149 1140 195 1173 ut
213 1134 369 1173 Xerxes
390 1133 545 1186 Sataspi
575 1134 778 1187 negotium
808 1134 905 1172 illud
935 1134 1149 1184 mandaret,
1181 1141 1216 1173 et
1247 1135 1343 1186 quid
1371 1136 1435 1173 ille
1456 1135 1616 1174 domum

150 1213 331 1238 reversus
359 1199 407 1237 de
437 1199 687 1250 navigatione
714 1198 929 1245 rettulerit:
959 1197 1306 1250 Carthaginienses
1335 1213 1427 1237 vero
1457 1214 1617 1250 prorsus

148 1267 253 1300 tacet
287 1275 415 1312 neque
450 1261 668 1311 quidquam
697 1275 763 1299 eos
792 1275 949 1298 narrare
978 1261 1172 1299 audimus.
1232 1260 1339 1309 Quid
1369 1262 1493 1312 igitur
1520 1262 1617 1299 illud

151 1324 272 1377 Καρχ.
302 1325 370 1363 εἰσὶ
397 1325 431 1362 οἱ
459 1324 626 1374 λέγοντες
659 1323 733 1363 sibi
763 1322 870 1362 vult?
926 1323 1037 1362 Nihil
1072 1324 1179 1362 aliud
1214 1324 1286 1363 sibi
1320 1325 1424 1372 vult5
1463 1325 1536 1363 nisi
1576 1331 1618 1362 ut

150 1388 357 1439 significet,
393 1394 624 1439 »postquam
644 1387 865 1425 Phoenices
894 1393 933 1425 et
952 1386 1137 1438 Sataspes
1166 1388 1335 1439 Libyam
1366 1389 1615 1426 circumvecti

150 1452 240 1502 sint,
269 1451 444 1491 omnium
464 1450 667 1499 hominum
688 1449 1036 1503 Carthaginienses
1057 1451 1160 1490 solos
1180 1451 1220 1490 in
1241 1451 1445 1490 ulteriores
1466 1451 1617 1504 Libyae

150 1516 329 1567 regiones
358 1515 542 1566 navigare
571 1520 610 1552 et
637 1528 738 1564 quae
767 1514 815 1552 de
845 1514 905 1553 his
933 1521 1088 1565 praeter
1115 1516 1270 1553 illorum
1295 1517 1503 1554 relationes
1526 1523 1617 1554 nota

150 1579 247 1627 sint,
284 1577 334 1616 ad
369 1591 436 1616 eos
464 1577 561 1616 haec
589 1578 720 1616 omnia
747 1577 954 1615 referenda
982 1591 1088 1617 esse«
1105 1608 1115 1627 ‚
1155 1578 1229 1616 hoc
1258 1592 1347 1616 cum
1377 1579 1617 1630 significaret

149 1641 391 1690 Herodotus,
420 1641 519 1679 dixit
549 1640 917 1693 »Carthaginienses
937 1648 1091 1692 praeter
1112 1642 1330 1680 Phoenices
1352 1648 1389 1680 et
1411 1641 1616 1694 Sataspem

150 1718 347 1743 narrare«.

256 1805 323 1843 III
352 1806 400 1844 87
445 1806 486 1842 οἱ
528 1805 606 1854 μὲν
649 1805 693 1855 δή
733 1818 844 1856 φασι
880 1806 938 1843 τὸν
974 1804 1136 1856 Οἰβάρεα
1173 1809 1283 1843 ταῦτα
1320 1808 1636 1857 μηχανήσασθαι.ν

149 1870 191 1907 οἱ
220 1870 270 1907 δὲ
300 1869 420 1907 τοιάδε
454 1868 628 1919 (καὶγὰρ
663 1867 726 1905 ἐπ’
759 1867 995 1920 ἀμφότερα
1028 1868 1215 1918 λέγεται
1251 1870 1332 1906 ὑπὸ
1370 1869 1616 1921 Περσέων).

149 1931 241 1970 Non
277 1931 499 1983 putandum
536 1937 595 1970 est
624 1931 872 1970 Herodotum
909 1932 1037 1983 ipsum
1075 1947 1095 1970 a
1128 1933 1257 1971 Persis
1294 1934 1531 1983 quibusdam
1569 1934 1617 1972 de

149 1995 216 2033 illa
243 2009 284 2033 re
313 1994 512 2033 diversum
541 1995 579 2032 in
610 1994 771 2033 modum
799 1994 1009 2043 audivisse,
1038 1995 1107 2033 sed
1136 1996 1186 2033 ad
1215 1996 1357 2037 Persas
1388 1998 1616 2047 provocavit

149 2065 193 2097 ut
227 2058 431 2109 utriusque
465 2058 700 2097 narrationis
735 2058 881 2110 primos
915 2064 1104 2097 auctores.
1176 2059 1256 2108 Ita,
1302 2075 1388 2098 cum
1426 2059 1475 2098 de
1512 2060 1618 2112 Cyro

102 2131 106 2138 ‘
148 2123 281 2174 plures
309 2123 551 2161 narrationes
580 2122 761 2174 vulgatae
792 2128 934 2171 essent,
965 2123 1170 2161 omnium
1200 2129 1428 2162 auctores
1448 2124 1617 2162 Persas

149 2199 254 2225 esse
297 2200 502 2235 sumens,
546 2199 663 2237 quam
705 2199 754 2224 ex
795 2185 843 2224 iis
878 2186 996 2238 elegit
1030 2200 1053 2224 a
1089 2200 1129 2225 se
1164 2186 1304 2225 litteris
1341 2187 1616 2235 mandandann

150 2250 252 2289 hanc
297 2250 548 2288 nonnullos
589 2246 758 2288 Persas
805 2263 962 2288 narrare
1004 2249 1119 2288 dixit:
1177 2250 1197 2288 Ι
1227 2252 1276 2289 95
1320 2254 1370 2292 ὡς
1406 2250 1615 2302 Περσέων

150 2312 432 2364 μετεξέτεροι
471 2312 658 2362 λέγουσι
699 2313 733 2350 οἱ
773 2313 823 2363 μὴ
860 2311 1075 2365 βουλόμενοι
1110 2317 1260 2364 σεμνοῦν
1296 2314 1338 2351 τὰ
1371 2315 1450 2364 περὶ
1485 2313 1616 2365 Κῦρον,

148 2377 240 2416 κατὰ
265 2380 377 2415 ταῦτα
401 2378 540 2428 γράψω,
572 2377 865 2428 ἐπιστάμενος
892 2378 972 2428 περὶ
993 2376 1198 2429 Κύρου-καὶ
1227 2378 1457 2429 τριφασίας
1485 2377 1617 2419 ἄλλας

149 2440 268 2490 λόγων
305 2440 412 2481 ὁδοὺς
445 2443 568 2492 φῆναι.
627 2441 705 2478 214
740 2440 782 2478 τὰ
817 2441 881 2491 μὲν
918 2441 958 2478 δὲ
986 2441 1078 2478 κατὰ
1107 2442 1170 2491 τὴν
1201 2440 1324 2492 Κύρου
1354 2442 1524 2491 τελευτὴν
1554 2444 1617 2479 τοῦ

151 2504 232 2557 βίου
268 2506 438 2542 πολλῶν
473 2503 614 2554 λόγων
649 2504 913 2555 λεγομένων,
949 2504 1012 2543 ὃῧε
1044 2519 1103 2556 μοι
1140 2506 1158 2542 ὁ
1187 2506 1433 2546 πιθανώτατος
1467 2504 1615 2557 εἴρηται.

149 2567 197 2606 cf.
227 2567 415 2619 Xenoph.
446 2566 592 2619 Cyrop.
621 2568 642 2606 l
664 2569 700 2617 2,
725 2571 740 2605 1
780 2569 914 2619 πατρὸς
943 2570 962 2606 ὁ
992 2567 1112 2620 Κῦρος
1140 2569 1283 2618 λέγεται
1312 2568 1483 2618 γενέσθαι
1514 2568 1615 2621 Καμ-

149 2630 278 2684 βύσου,
309 2631 443 2683 μητρὸς
470 2631 511 2669 δὲ
542 2631 821 2682 ὁμολογεῖται
849 2629 1047 2683 Μανδάνης
1074 2631 1255 2682 γενέσθαι.
