1844 2898
807 108 1075 146 —16—

204 215 344 266 νόμοισι
372 215 434 252 καὶ
462 213 603 253 ἄλλοισι
630 216 790 266 χρᾶσθαι
819 214 951 257 αὐτούς
979 229 1005 266 φ
1020 227 1091 253 ασι
1125 214 1426 266 κεχωρισμένοισι
1461 216 1531 253 τῶν
1560 213 1680 253 ἄλλων

205 278 427 330 ἀνθρώπων,
469 278 531 316 καὶ
571 279 616 329 δὴ
660 279 721 317 καὶ
760 278 852 317 κατὰ
889 279 951 328 τὴν
991 278 1181 331 βασιληίην
1216 279 1368 330 τοιῷδε;
1411 277 1462 316 ad
1503 277 1682 316 homines

206 342 310 381 enim
340 341 500 380 maximi
529 342 706 393 corporis
733 341 883 394 regiam
911 340 1147 394 dignitatem
1175 354 1244 381 eos
1271 339 1435 381 deferre.

313 456 427 496 Idem
456 471 553 496 usus
580 456 688 508 apud
717 455 967 496 Herodotum
996 457 1177 496 vocabuli
1205 473 1230 495 π
1240 471 1259 495 υ
1269 471 1286 495 ν
1295 458 1320 495 θ
1328 459 1376 496 άν
1386 470 1405 496 ο
1416 474 1441 509 μ
1451 472 1511 500 ott:

313 541 333 579 I
355 542 432 589 214
461 541 558 579 dicit
585 554 761 592 pugnam
789 541 892 579 inter
920 539 1071 592 Cyrum
1100 546 1140 579 et
1158 541 1407 593 Massagetas
1432 531 1682 580 commissam

207 604 403 653 omnium,
439 617 548 655 quas·
567 603 725 642 barbari
753 603 855 643 inter
883 618 925 643 se
954 596 1235 653 commiserint,
1265 618 1336 643 suo
1365 603 1513 643 iudicio
1541 616 1681 647 cruen-

204 668 396 706 tissimam
426 681 512 705 esse
530 667 592 704 καὶ
612 667 657 716 δὴ
677 668 738 705 καὶ
766 682 844 705 πυν
856 668 962 705 θάνο
974 682 1050 718 μαι
1069 667 1164 706 οὕτω
1183 670 1287 706 τοῦτο
1308 667 1515 718 γενόμενον.
1556 669 1681 718 πρῶτα

206 731 392 781 λέγεται
421 729 552 772 αὐτοὺς
580 731 793 772 διαστάντας
821 731 859 772 ἐς
888 731 1071 781 ἀλλήλους
1099 730 1257 773 τοξεύειν
1286 745 1320 769 κ.
1337 745 1367 769 τ.
1383 733 1416 768 λ.

314 831 335 869 1
360 832 434 870 169
465 836 600 869 narrat
627 830 746 869 Iones
764 830 916 881 proelio
937 845 961 869 a
980 831 1112 869 Persis
1132 830 1309 870 devictos
1329 844 1426 870 esse.
1480 831 1554 869 170
1571 845 1679 868 κεκα-

203 895 378 946 κωμένων
409 895 451 932 δὲ
477 893 608 932 Ἰώνων
638 895 699 932 καὶ
728 893 1005 945 συλλεγομένων
1044 894 1150 932 οὐδὲν
1190 894 1293 932 ἕσσον
1331 894 1369 936 ἐς
1397 895 1437 932 τὸ
1468 893 1680 942 Πανιώνιον,

203 959 489 1008 πυνθάνομαι
519 959 666 1008 γνώμην
697 956 833 995 Βίαντα
862 958 1110 999 ἀποδέξασθαι
1132 958 1233 996 Ἴωσι
1262 959 1561 1009 χρησιμωτάτην;
1590 971 1679 995 eum

204 1021 308 1059 enim
338 1022 508 1060 suasisse
537 1027 581 1059 ut
610 1021 650 1059 in
671 1019 894 1059 Sardiniam
923 1022 1132 1059 maximam
1154 1021 1327 1060 omnium
1348 1021 1516 1060 insulam
1537 1020 1680 1072 migra-

203 1090 289 1122 rent
329 1084 462 1134 ibique
505 1098 624 1122 unam
663 1085 837 1123 universi
874 1086 1073 1123 civitatem
1112 1086 1417 1134 constituerent,
1460 1099 1540 1135 quo
1576 1084 1706 1132 facto,

203 1162 331 1199 neque
361 1148 494 1187 Persis
523 1148 706 1187 servituri
735 1154 775 1186 et
803 1149 890 1187 aliis
918 1149 1147 1201 imperaturi
1177 1156 1319 1189 essent.

312 1249 417 1288 VIII
438 1250 488 1288 35
523 1251 638 1288 πάντα
668 1249 698 1287 δ”
729 1251 900 1301 ἠπίστατο
930 1251 973 1288 τὰ
1004 1251 1039 1288 ἐν
1078 1253 1129 1302 τῷ
1168 1252 1231 1303 ἱρῷ
1268 1251 1337 1289 ὅσα
1373 1250 1484 1301 λόγου
1520 1248 1563 1300 ἧν
1600 1248 1680 1290 ἄξια

203 1314 354 1365 Ξέρξης,
384 1316 442 1355 ὡς
471 1314 557 1364 ἐγὼ
585 1314 892 1364 πυνθάνομαι,
923 1313 1065 1365 ἄμεινον
1095 1314 1118 1364 ἢ
1148 1314 1191 1352 τὰ
1221 1315 1257 1353 ἐν
1287 1316 1378 1353 τοῖσι
1406 1314 1546 1352 οἰκίοισι
1565 1311 1681 1360 ἔλιπε,

201 1379 262 1415 καὶ
290 1379 445 1428 μάλιστα
474 1378 518 1415 τὰ
548 1377 719 1428 Κροίσου.

309 1476 415 1515 VIII
438 1478 487 1516 38
518 1476 643 1527 ἔλεγον
675 1479 715 1516 δὲ
744 1479 778 1515 οἱ
806 1479 1120 1528 ἀπονοστήσαντες
1147 1478 1246 1516 οὖτοι
1274 1480 1344 1516 τῶν
1367 1478 1558 1530 βαρβάρων
1578 1477 1680 1529 (agit

201 1540 250 1579 de
266 1541 479 1579 Persarum
499 1541 750 1592 expeditione
771 1542 821 1579 ad
841 1556 995 1580 sacrum
1013 1541 1253 1593 Delphicum
1273 1541 1538 1593 diripiendum
1559 1541 1680 1590 faeta)

202 1608 259 1646 ὡς
290 1606 377 1654 ssd)
405 1619 491 1642 πυν
523 1605 628 1642 ύανο
643 1620 738 1656 μαι,
769 1607 819 1647 ὡς
847 1606 935 1657 πρὸς
962 1618 1120 1643 τουτοισι
1149 1606 1211 1643 καὶ
1229 1603 1371 1643 εἷὶλλοι“γ
1345 1619 1457 1657 ωρεον
1479 1605 1590 1643 θεῖα.
1613 1604 1678 1641 δύο

201 1668 267 1719 (ἀρ
306 1668 452 1708 οπλίτας
488 1667 643 1718 μέζονας
678 1667 703 1718 ἤ
738 1669 831 1705 κατὰ
866 1669 1067 1743 ἀνθρώπων
1104 1669 1210 1719 φύσιν
1251 1668 1403 1719 ἔχοντας
1436 1668 1592 1706 ἓπεσθαί
1618 1680 1680 1718 σφι

199 1731 402 1773 κτείνοντας
430 1731 492 1769 καὶ
520 1732 729 1773 διώκοντας.

309 1826 401 1864 119
440 1839 498 1876 sq.
539 1831 671 1863 narrat
706 1826 907 1877 Alyattem
951 1840 1040 1864 eum
1076 1826 1244 1864 Milesiis
1287 1826 1434 1864 bellum
1476 1831 1678 1877 gerentem

201 1903 437 1940 praeconem
466 1890 651 1928 Miletum
682 1890 853 1938 misisse,
898 1896 942 1927 ut
975 1890 1152 1928 indutiae
1189 1903 1277 1928 oum
1307 1890 1355 1928 iis
1383 1890 1542 1938 fierent,
1585 1889 1677 1927 dum

200 1954 407 1992 Assessiae
441 1953 646 1991 Minervae
685 1954 897 2005 templum,
941 1954 990 1992 ab
1027 1954 1152 2005 ipsius
1190 1954 1380 1993 militibus
1417 1954 1678 2001 combustum,

199 2017 305 2067 quod
327 2031 349 2054 a
369 2017 516 2068 Pythia
534 2017 741 2055 restituere
770 2017 901 2056 iussus
921 2023 1037 2066 esset,
1065 2017 1356 2064 aedificaretur3
1386 2017 1677 2068 Thrasybulum

202 2086 348 2130 autem,
376 2079 627 2117 Milesiorum
648 2086 876 2130 tyrannum,
898 2080 1005 2118 omni
1026 2080 1236 2128 frumento,
1257 2080 1364 2130 quod
1383 2080 1424 2118 in
1444 2080 1541 2118 urbe
1561 2084 1677 2128 esset,

198 2143 240 2181 in
281 2142 410 2181 forum
453 2143 597 2181 collato
639 2142 819 2181 Milesios
862 2143 976 2195 signo
1018 2142 1111 2181 dato
1148 2143 1301 2192 bibere,
1345 2143 1516 2194 epulari,
1558 2143 1678 2181 iocari

198 2206 380 2253 iussisse;
409 2220 510 2257 quae
540 2220 629 2245 cum
659 2221 801 2258 praeeo
831 2207 995 2245 vidisset
1024 2213 1062 2245 et
1091 2208 1174 2258 regi
1204 2207 1432 2256 rettulisset,
1462 2207 1678 2258 Alyattem,

200 2269 269 2320 qui
298 2268 480 2308 Milesios
510 2274 685 2308 extrema
712 2270 846 2321 inopia
878 2270 1005 2321 premi
1042 2270 1254 2308 arbitratus
1289 2276 1409 2318 esset,
1452 2283 1498 2308 eo
1538 2269 1678 2308 nuntio

199 2337 439 2370 commotum
478 2346 568 2370 cum
603 2332 652 2370 iis
688 2346 825 2383 pacem
865 2333 1016 2370 fecisse.
1075 2335 1130 2373 ὡς
1164 2333 1248 2382 ἐγὼ
1283 2333 1591 2384 πυνθάνομαι,
1635 2332 1675 2370 δι’

197 2393 333 2432 οὐδὲν
364 2394 477 2432 ἄλλο
509 2395 696 2445 ἐγένετο
726 2397 749 2445 ἡ
779 2396 1023 2445 διαλλαγή.

306 2494 426 2534 1196
467 2494 516 2533 de
557 2495 656 2533 miro
699 2495 767 2533 illo
806 2495 922 2533 modo
957 2496 1154 2547 virginum
1193 2478 1510 2535 collocandarum
1546 2496 1677 2545 refert,

198 2570 279 2607 quo
307 2557 528 2607 antiquitus
557 2557 768 2608 Babylonii
798 2558 858 2596 usi
888 2559 978 2596 sint.
1023 2560 1042 2596 ὁ
1063 2560 1127 2608 μὲν
1159 2560 1372 2610 σοφώτατος
1390 2558 1501 2609 νόμος
1521 2561 1597 2606 ὅδε,
1626 2564 1678 2612 τῷ

197 2622 258 2659 καὶ
289 2620 469 2672 Ἰλλυριῶν
495 2619 665 2663 Ἐνετοὺς
693 2621 986 2672 πυνθάνομαι
1013 2622 1185 2673 χρᾶσθαι.
