1844 2898
748 105 1013 158 --.17’-.

254 225 315 266 Cf.
345 225 482 266 Paus.
510 227 532 266 I
551 227 616 277 20,
637 229 658 265 7
689 226 813 278 Σύλλᾳ
843 227 987 279 ὕστερον
1018 226 1187 265 ἐνέπεσεν
1217 225 1386 277 ἢνόσος,
1415 226 1438 278 ἦ
1464 227 1524 265 καὶ
1552 226 1610 264 τὸν

146 289 273 341 Σύριον
293 290 508 341 Φερεκύδην
528 291 664 328 ἁλῶναι
682 291 985 341 πυνθάνομαις
1005 289 1112 328 VIII
1132 291 1196 339 50,
1217 290 1240 327 3
1260 293 1361 328 τοῦτο
1383 291 1420 331 ἐς
1440 290 1611 341 Θεμιστο-

146 352 238 392 κλέα
265 352 354 391 ἄλλο
385 353 422 393 ἐν
446 351 632 406 Ὀλυμπία
660 353 944 405 πυνθάνομαι
972 353 1165 407 συμβῆναι.

253 487 309 525 At
337 486 471 525 multis
498 486 608 536 locis,
641 485 870 525 Herodotus
899 486 1090 535 nominat,
1118 500 1218 537 quos
1247 486 1467 525 sciscitatus
1495 487 1547 525 sit
1573 493 1613 524 et

147 564 170 587 a
197 549 341 599 quibus
367 548 580 597 audiverit,
619 554 737 599 atque
773 549 814 587 in
842 549 1070 587 universum
1101 548 1296 598 Graecos,
1335 549 1612 598 Athenienses,

147 611 497 660 Lacedaemonios,
528 612 761 663 Aegyptios,
791 611 945 661 Persas,
973 611 1123 663 Lydos,
1153 612 1296 650 multas
1318 613 1415 651 alias
1434 612 1613 650 civitates

148 674 322 714 Graecas
350 681 567 727 gentesque
596 675 781 714 barbaras
803 675 1019 714 narravisse
1049 675 1200 726 aliquid
1224 681 1292 713 aut
1321 690 1477 714 narrare
1503 675 1612 713 dicit.

251 737 349 777 Sed
384 738 593 789 primum
628 738 964 789 compluribus
998 738 1120 776 locis
1157 738 1354 776 dubium
1389 752 1491 777 esse
1521 753 1612 776 non

145 807 326 853 potest,
369 801 508 851 quin,
544 801 673 852 quod
710 802 813 853 ipse
848 802 1105 853 cogitavit,
1149 816 1246 850 eos,
1289 802 1343 840 ad
1381 816 1502 852 quos
1539 816 1613 840 res

145 865 425 916 spectabat,
455 864 500 902 id
529 865 777 916 cogitasse
806 870 888 902 aut
916 865 1135 916 cogitare
1164 865 1379 903 finxerit.

251 960 365 998 1103
388 974 433 1010 sq
471 965 603 998 narrat
639 958 807 1011 Scythas
842 960 882 998 in
919 960 1057 998 Asiam
1092 960 1294 999 invasione
1330 961 1433 999 facta
1470 960 1612 999 Medos

146 1023 337 1061 devicisse
367 1028 406 1061 et
425 1023 546 1061 Asiae
574 1023 782 1074 imperium
805 1037 1033 1074 usurpasse3
1068 1025 1154 1071 105,
1183 1037 1274 1061 cum
1294 1029 1430 1061 contra
1449 1024 1613 1074 Aegyp-

145 1096 229 1124 tum
269 1086 435 1137 profecti
470 1086 751 1125 Psammetichi
787 1085 900 1124 donis
943 1087 1128 1124 commoti
1169 1086 1362 1135 redirent,
1403 1087 1613 1125 nonnullos

145 1148 343 1187 Ascalone
372 1149 606 1188 remansisse
636 1154 674 1187 et
692 1148 861 1187 Veneris
880 1147 1055 1187 Uraniae
1073 1149 1263 1200 templum
1287 1149 1515 1200 diripuisse3
1546 1163 1612 1187 eos

144 1218 183 1250 et
211 1212 279 1262 qui
309 1225 357 1249 ex
385 1212 432 1250 iis
461 1212 644 1263 prognati
673 1217 817 1260 essent,
846 1212 1000 1260 morbo,
1036 1213 1103 1262 qui
1131 1212 1325 1250 femineus
1354 1212 1526 1261 dicatur,
1556 1212 1612 1250 af-

144 1275 268 1312 fectos
296 1288 393 1313 esse.
456 1277 545 1312 τοῖσι
575 1275 754 1325 συλήσασι
782 1275 822 1312 τὸ
852 1274 924 1325 ἱρὸν
955 1274 1135 1326 ἐνέσκηψε
1163 1276 1291 1324 ἠθεὸς
1315 1275 1452 1325 θήλεαν
1472 1278 1612 1313 νοῦσον.

144 1340 238 1377 ὥστε
275 1339 350 1390 ἅμα
386 1338 576 1388 λέγουσι
612 1353 651 1376 τε
689 1338 729 1376 οἱ
757 1337 934 1376 Σκύθαι
970 1337 1027 1375 διὰ
1063 1337 1167 1376 τοῦτό
1207 1351 1323 1390 σφεας
1356 1338 1517 1386 νοσέειν,
1553 1339 1614 1377 καὶ

145 1403 227 1453 ὁρᾶν
275 1402 352 1453 παρ’
403 1403 570 1439 ἑωυτοῖσι
617 1401 700 1442 τοὺς
746 1401 1026 1451 ἀπικνεομένους
1074 1402 1111 1442 ἐς
1157 1402 1220 1450 τὴν
1263 1402 1445 1452 Σκυθικὴν
1487 1403 1612 1453 χώρην

144 1468 193 1508 ὡς
223 1465 429 1510 διακέαται,
459 1465 541 1506 τοὺς
568 1464 742 1502 καλέουσι
771 1464 923 1516 ἐναρέας
950 1464 983 1501 οἱ
1011 1463 1163 1502 Σκύθαι.
1220 1464 1458 1503 Ponticos
1494 1463 1614 1516 Scy-

143 1529 270 1577 thas,
307 1543 406 1578 quos
441 1529 482 1566 in
510 1528 648 1566 Asiam
685 1542 764 1566 non
798 1528 988 1566 invasisse
1024 1528 1126 1566 inter
1153 1529 1258 1567 viros
1287 1528 1424 1566 doctos
1460 1534 1615 1567 constat

144 1592 382 1641 (DUNOKER
411 1592 456 1640 4,
493 1591 612 1640 332),
654 1590 861 1628 Herodoto
904 1590 952 1628 de
990 1591 1109 1629 Asiae
1150 1591 1335 1642 imperio,
1378 1590 1485 1641 quod
1521 1591 1614 1628 olim

144 1655 374 1694 habuissent
410 1660 449 1692 et
480 1653 529 1693 de
564 1653 814 1705 expeditione
849 1654 889 1692 in
917 1651 1074 1705 Syriam
1107 1654 1212 1693 facta
1247 1655 1286 1693 in
1322 1668 1501 1693 sermone
1536 1659 1614 1692 ret-

143 1718 300 1766 tulisse,
349 1731 398 1755 ne
451 1717 616 1769 cogitari
667 1716 828 1767 quidem
876 1721 1017 1767 potest.
1093 1715 1174 1755 Sed
1230 1717 1457 1756 Herodotus
1506 1731 1612 1755 com-

145 1787 301 1833 pererat
329 1795 396 1820 eos
424 1780 625 1830 barbaros,
654 1780 723 1831 qui
751 1779 994 1831 aliquamdiu
1013 1781 1134 1820 Asiae
1163 1787 1314 1832 partem
1344 1781 1490 1820 dicioni
1519 1795 1613 1819 suae

146 1845 363 1884 subiectam
382 1849 603 1892 tenuerant,
624 1844 862 1882 Ascalonem
884 1843 1110 1894 diripuisse3
1139 1845 1244 1882 idem
1272 1845 1420 1883 sciebat
1446 1843 1615 1894 Scythas

144 1908 211 1946 illo
246 1907 382 1946 morbo
411 1906 587 1945 laborare
622 1906 716 1954 (hoc
744 1912 783 1944 et
810 1906 894 1957 ipse
924 1905 1189 1958 Hippocrates
1217 1923 1252 1945 π.
1283 1907 1360 1958 ἀέρ.
1381 1908 1431 1945 22
1468 1921 1615 1945 memo-

147 1971 248 2021 rat);
278 1970 425 2020 itaque,
454 1983 543 2007 cum
573 1969 656 2020 ipse
686 1967 846 2019 quidem
876 1982 1106 2020 persuasum
1135 1970 1296 2008 haberet
1317 1968 1485 2021 Scythas
1514 1971 1615 2008 anti-

145 2034 280 2085 quitus
298 2024 439 2071 Asiam
459 2046 721 2084 expugnasse,
748 2032 917 2083 sumpsit
936 2046 1002 2071 eos
1027 2038 1187 2084 propter
1208 2033 1336 2071 scelus
1356 2033 1397 2071 in
1417 2032 1615 2071 Venerem

146 2097 399 2135 commissum
437 2095 503 2132 illo
538 2095 640 2132 malo
683 2094 844 2133 affectos
886 2109 973 2134 esse
1008 2101 1125 2145 atque
1167 2095 1269 2134 hanc
1303 2096 1529 2146 opinionem
1567 2096 1615 2134 iis

146 2159 311 2198 affinxit.

253 2248 315 2286 VI
331 2250 380 2287 75
410 2253 542 2286 narrat
561 2247 828 2296 Cleomenem,
858 2262 947 2286 cum
967 2248 1008 2286 in
1027 2248 1221 2287 insaniam
1242 2248 1456 2296 incidisset,
1485 2248 1615 2298 ipsum

146 2312 221 2350 sibi
250 2316 415 2349 mortem
444 2310 702 2359 conscivisse,
736 2315 789 2348 ut
817 2310 1017 2361 plurimi
1046 2309 1224 2349 Graeci
1254 2310 1420 2348 dicant
1454 2311 1522 2360 (ὡς
1550 2311 1614 2360 μὲν

146 2376 180 2413 οἱ
207 2376 333 2412 πολλοὶ
361 2374 527 2424 λέγουσιν
552 2373 778 2424 Ἑλλήνων),
813 2373 906 2424 quia
933 2373 1118 2424 Pythiam
1155 2373 1334 2412 mercede
1364 2373 1616 2423 corrupisset,

147 2443 192 2474 ut
221 2437 479 2474 Demaratum
508 2436 708 2474 Aristonis
735 2436 860 2474 filium
889 2449 973 2474 esse
1003 2441 1178 2488 negaret,
1212 2442 1264 2473 ut
1292 2436 1531 2473 Athe‘nien
1543 2449 1617 2472 ses

147 2500 318 2539 dicant
335 2500 404 2550 (ὡς
425 2500 465 2538 δὲ
479 2498 669 2551 Ἀθηναῖοι
684 2499 863 2550 λέγουσι),
882 2499 977 2551 quia
996 2514 1134 2552 agrum
1150 2499 1398 2538 Eleusinium
1411 2504 1616 2547 vastasset,

147 2571 199 2603 ut
227 2565 403 2616 Argivi
440 2566 509 2613 (ὡς
538 2565 578 2601 δὲ
596 2563 797 2615 Ἀργεῖοι),
831 2564 926 2614 quia
953 2577 1020 2602 eos
1048 2563 1240 2615 Argivos,
1277 2563 1345 2613 qui
1379 2577 1426 2600 ex
1455 2562 1565 2599 clade
1595 2577 1617 2599 a

147 2626 476 2666 Lacedaemoniis
490 2632 652 2678 accepta
666 2626 915 2679 aufugerant,
930 2626 1043 2679 Argo
1055 2626 1144 2665 luco
1153 2626 1315 2664 incenso
1324 2624 1617 2663 combussisset.

1414 2696 1433 2726 2
