1844 2898
788 94 1056 134 ...60-

286 197 386 236 Item
417 197 479 237 his
503 199 601 239 loeis
628 201 880 239 manifestum
900 206 973 251 est,
1002 215 1082 240 non
1103 201 1326 253 significare
1353 203 1505 242 fontem
1524 202 1655 242 Hero-

178 260 330 310 dotum,
359 276 408 300 ex
437 276 517 312 quo
545 262 631 315 ipse
659 263 845 304 hauserit.

286 350 395 389 VIII
415 352 466 390 94
496 350 737 404 Ἀδείμαντον
770 353 830 391 τὸν
864 352 1054 405 Κορίνθιον
1085 353 1284 410 στρατηγόν
1313 354 1495 406 λέγουσι
1517 355 1653 409 Ἀθη-

178 417 293 450 ναῖοι
322 413 451 454 αὐτίκα
478 414 553 452 κατ’
585 416 701 466 ἀρχὰς
728 416 772 454 τὰ
792 416 885 454 ἱστία
904 417 1115 467 ἀειράμενον
1143 416 1312 468 οἴχεσθαι
1330 419 1525 471 φεύγοντα.
1570 419 1655 458 τού-

180 489 265 516 τους
300 476 366 526 μὲν
402 475 549 527 τοιαύτη
585 477 710 528 φάτις
740 476 834 530 ἔχει
864 478 943 517 ὑπὸ
967 477 1232 530 Ἀθηναίων.
1288 481 1337 520 of.
1358 479 1487 521 V66:
1521 480 1655 521 Κλεισ-
1683 498 1686 502 ·

179 538 304 588 θένης.
334 538 445 589 ὅσπερ
474 537 601 589 λόγον
631 539 729 592 ἔχει
756 542 820 592 τὴν
851 541 992 593 Πυθίην
1029 543 1236 590 ἀναπεῖσαι;
1275 543 1376 583 V71
1409 548 1584 597 φονεῦσαι
1612 546 1653 584 δὲ

179 601 311 642 αὐτοὺς
342 601 489 651 (socios
518 600 701 655 Cylonis)
734 604 848 656 αἰτίη
885 603 981 656 ἔχει
1020 604 1322 657 Ἀλκμαιωνίδας;
1359 607 1430 647 sed
1458 609 1564 647 070:
1594 609 1654 647 τὸν

179 663 398 715 Κλεομένεα
426 663 520 716 εἶχε
549 665 662 718 αἰτίη
693 669 819 719 φοιτᾶν
847 667 945 718 παρὰ
973 671 1036 706 τοῦ
1059 668 1260 721 Ἰσαγόρεω
1287 670 1351 721 τὴν
1381 675 1545 721 γυναῖκα.

289 735 351 774 VI
371 737 419 774 14
449 739 500 778 ὡς
516 738 557 775 δε
577 739 695 790 ἀγχοῦ
715 739 879 789 ἐγένοντο
903 741 966 778 καὶ
990 740 1205 792 συνέμισγον
1226 742 1416 793 ἀλλήλοισι
1434 744 1502 794 (de
1519 758 1656 797 pugna

179 798 287 850 apud
315 798 471 838 Ladam
501 801 711 841 commissa
738 802 859 855 agit),
889 803 930 841 τὸ
960 803 1127 843 ἐνθεῦτεν
1155 803 1222 843 οὐκ
1251 803 1329 857 ἔχω
1357 806 1540 859 ἀτρεκέως
1567 819 1672 858 συγ--

179 863 331 914 γράψαι,
365 863 493 905 οἵτινες
520 867 590 902 τῶν
625 864 751 903 Ἰώνων
781 865 947 915 ἐγένοντο
981 866 1109 918 ἄνδρες
1135 868 1242 906 κακοὶ
1268 867 1294 918 ἤ
1320 869 1466 918 ἀγαθοὶ.
1521 870 1654 920 ἀλλή·

179 931 283 972 λους
311 930 379 982 γὰρ
408 930 731 967 καταιτιῶνται.
779 927 945 979 λέγονται
973 929 1015 967 δὲ
1043 928 1203 981 Σάμιοι.
1225 959 1234 969 .
1257 960 1266 969 .

286 998 353 1036 111
375 999 398 1036 2
440 996 671 1046 Αἰγύπτιοι
715 997 983 1048 οἰκηιεῦνται
1023 997 1247 1050 Καμβύσεα,
1291 1001 1481 1051 φάμενοί
1501 1014 1572 1052 μιν
1613 1000 1655 1038 ἐκ

180 1063 244 1110 τῆς
266 1059 431 1111 Ἀπρίεω
467 1060 647 1111 θυγατρὸς
675 1059 859 1109 γενέσθαι.
903 1058 1022 1111 Κῦρον
1051 1059 1118 1111 γὰρ
1147 1060 1238 1099 εἶναι
1265 1062 1325 1099 τὸν
1348 1061 1541 1115 πέμψαντα
1572 1061 1650 1113 παρ’

170 1122 332 1174 Ἀμασιν
368 1124 426 1161 ἐπὶ
459 1123 522 1173 τὴν
558 1122 755 1174 θυγατέρα.
813 1123 862 1161 of.
889 1122 1055 1162 Aristot.
1082 1122 1168 1162 Pol.
1193 1123 1256 1162 IV
1283 1125 1385 1164 1333
1405 1124 1451 1172 b,
1489 1126 1551 1163 καὶ
1583 1127 1654 1163 τῶν

178 1188 332 1223 πολιτῶν
375 1191 427 1237 τῷ
461 1184 653 1236 δυναμένῳ
692 1188 796 1223 τοῦτο
839 1185 1027 1236 πειρατέον
1066 1188 1230 1232 διώκειν,
1276 1187 1374 1230 ὅπως
1410 1188 1560 1238 δύνηται
1592 1190 1656 1238 τῆς

178 1248 315 1290 οἰκείας
339 1247 485 1290 πόλεως
503 1247 641 1299 ἄρχειν,
685 1248 773 1299 ὅπερ
803 1248 1064 1298 ἐγκαλοῦσιν
1093 1250 1133 1287 οἱ
1152 1249 1358 1292 Λάκωνες
1386 1249 1576 1301 Παυσανίᾳ
1603 1254 1655 1302 τῷ

179 1306 332 1363 βασιλεῖ.
389 1312 562 1351 Pausan.
587 1311 608 1350 I
633 1313 676 1361 6,
709 1314 745 1349 l:
783 1311 1008 1363 Πτολεμαῖον
1039 1311 1302 1355 Μακεδόνες
1334 1313 1514 1352 Φιλίππου
1543 1314 1656 1352 παῖδα

178 1374 269 1411 εἶναι
294 1375 536 1425 νομίζουσι.

288 1454 475 1506 Denique
504 1453 565 1493 his
593 1453 691 1494 locis
712 1454 923 1494 verisimile
952 1469 1032 1494 non
1061 1460 1121 1495 est
1149 1454 1199 1494 ad
1219 1471 1265 1495 ea
1292 1471 1507 1508 provocare
1527 1455 1655 1494 Hero-

178 1517 334 1566 dotum,
364 1532 467 1568 quae
496 1517 581 1569 ipse
610 1532 634 1555 a
661 1517 805 1556 talibus
833 1517 1061 1556 hominibus
1090 1518 1305 1569 audiverit,
1335 1519 1404 1559 sed
1432 1520 1530 1558 haec
1558 1533 1656 1569 quo-

179 1594 256 1631 que
286 1580 498 1632 scriptores
528 1580 739 1619 memoriae
768 1580 1044 1632 prodiderant:

288 1643 350 1681 IV
374 1644 451 1682 180
486 1642 655 1685 Αὐσέες
683 1643 746 1694 τὴν
782 1642 976 1695 Ἀθηναίην
1005 1644 1114 1696 φασί
1140 1643 1390 1686 Ποσειδέωνος
1424 1644 1515 1683 εἶναι
1544 1645 1655 1696 θυγα·

179 1707 266 1760 τέρα
294 1709 355 1746 καὶ
383 1711 447 1759 τῆς
475 1706 689 1759 Τριτωνίδος
721 1707 859 1759 λίμνης.

288 1788 406 1827 1172
437 1789 471 1825 οἱ
499 1786 685 1826 Καύνιοι
713 1786 938 1838 αὐτόχθονες
971 1787 1111 1825 δοκέειν
1148 1787 1233 1838 ἐμοί
1259 1787 1348 1836 εἰσι,
1383 1787 1501 1827 αὐτοὶ
1536 1787 1658 1839 μέντοι

183 1851 224 1889 ἐκ
260 1850 410 1903 Κρήτης
452 1851 559 1903 φασὶ
598 1850 706 1889 εἶναι.
754 1850 803 1890 cf.
835 1849 1017 1902 Thucyd.
1047 1849 1109 1889 VI
1135 1851 1156 1888 2
1197 1849 1372 1889 Σικανοὶ
1411 1850 1484 1902 μετ’
1526 1850 1657 1893 αὐτοὺς

182 1917 318 1964 πρῶτοι
359 1915 544 1965 φαίνονται
586 1913 852 1964 ένοκισάμενοι,
893 1916 943 1955 ὡς
977 1914 1041 1963 μὲν
1079 1913 1205 1951 αὐτοί
1233 1926 1354 1964 φασι,
1390 1915 1452 1952 καὶ
1484 1913 1655 1965 πρότερον

179 1975 238 2014 διὰ
266 1975 306 2015 τό
338 1975 562 2029 αὐτόχθονες
591 1975 698 2024 εἶναι,
733 1978 782 2019 ὡς
811 1977 852 2015 δὲ
883 1977 905 2027 ἡ
935 1976 1092 2028 ἀλήθεια
1121 1976 1343 2028 εὑρίσκεται,
1369 1976 1515 2030 Ἴβηρες
1544 1974 1655 2019 ὄντες.

179 2039 347 2090 (Hekat.
368 2041 414 2079 fr.
437 2042 508 2079 15:
550 2041 684 2091 Σικάνη
714 2040 818 2082 πόλις
841 2040 1029 2092 Ἰβήρων.)

288 2120 389 2159 V21
425 2119 613 2172 “Ελληνας
653 2120 743 2159 εἶναι
781 2120 932 2162 τούτους
970 2120 1053 2162 τοὺς
1093 2120 1163 2158 ἀπὸ
1199 2120 1409 2173 Περδίκκεω
1448 2120 1655 2172 γεγονότας,

179 2185 273 2223 κατά
300 2199 366 2236 περ
397 2184 519 2223 αὐτοὶ
547 2184 739 2235 λέγουσι.

288 2264 327 2303 V
344 2266 393 2304 57
429 2266 463 2303 οἱ
492 2265 706 2318 Γεφυραῖοι,
741 2268 811 2303 τῶν
845 2263 936 2316 ἦσαν
970 2265 1005 2302 οἱ
1032 2263 1163 2316 φονέες
1196 2265 1230 2302 οἱ
1250 2264 1472 2317 Ἱππάρχου,
1510 2266 1560 2307 ὧς
1590 2265 1658 2316 μὲν

180 2328 302 2365 αὐτοὶ
330 2328 527 2378 λέγουσι,
559 2328 775 2378 ἐγεγόνεσαν
806 2328 843 2369 ἐξ
867 2326 1060 2379 Ἐρετρίης,
1090 2330 1140 2369 ὡς
1160 2328 1201 2366 δὲ
1223 2328 1297 2378 ἐγὼ
1316 2327 1657 2379 ἀναπυνθανόμενος

179 2391 349 2442 εὑρίσκω,
378 2391 470 2442 ἦσαν
499 2391 678 2433 Φοίνικες.

288 2471 309 2509 I
332 2473 405 2510 171
443 2471 541 2510 dicit
575 2470 713 2510 Cares
742 2471 872 2523 ipsos
904 2476 1095 2523 putare,
1134 2470 1360 2523 aborigines
1395 2484 1437 2510 se
1470 2484 1576 2520 esse,
1615 2475 1656 2509 et

177 2533 349 2586 Mylasis
390 2535 584 2587 templum
626 2534 742 2574 Jovis
785 2533 894 2574 Carii
935 2534 1161 2584 ostendere,
1209 2534 1323 2573 ouius
1363 2539 1516 2586 partem
1557 2533 1656 2573 nulli

178 2597 351 2636 habeant
377 2603 536 2650 praeter
562 2598 703 2649 Mysos
732 2603 772 2636 et
799 2597 938 2650 Lydos
966 2598 1143 2649 ipsorum
1171 2598 1323 2637 fratres.
1355 2620 1406 2627 -
1433 2596 1656 2637 Xanthus
