1844 2898
748 100 1015 141 „13-

253 207 274 246 Ι
293 208 366 246 201
405 209 445 246 τὸ
482 207 587 250 ἔθνος
620 211 722 246 τοῦτο
759 208 1029 259 (Massagetas
1065 207 1178 256 dicit)
1219 209 1312 258 μέγα
1348 208 1493 258 λέγεται
1527 208 1615 246 εἶναι

145 271 207 309 καὶ
242 270 403 322 ἄλκιμον.
458 271 547 310 εἰσὶ
582 271 630 310 δὲ
672 271 839 312 οἵτινες
879 271 939 309 καὶ
976 270 1156 309 Σκυθικὸν
1192 271 1389 321 λέγουσι
1428 275 1532 310 τοῦτο
1574 272 1615 310 τὸ

146 334 251 376 ἔθνος
279 334 384 374 εἶναι.

251 437 319 478 III
341 440 411 478 111
451 438 538 479 ὃκου
568 438 702 486 γίνεται
736 438 776 477 τὸ
813 438 1059 489 κιννάμωμον,
1097 437 1162 477 οὐκ
1192 436 1321 490 ἔχουσι
1356 439 1487 488 εἰπεῖν,
1522 440 1613 491 πλὴν

147 502 199 540 ὃτι
227 501 327 554 λόγῳ
361 503 426 541 οὐκ
460 502 573 541 οἰκότι
601 502 794 554 χρεόμενοι
824 503 861 540 ἐν
891 502 1022 541 τοισίδε
1052 503 1216 554 χωρίοισι
1244 504 1357 554 φασί
1381 518 1498 544 τινες
1527 504 1614 541 αὐτὸ

145 566 318 618 φύεσθαι,
349 566 385 605 ἐν
414 569 504 605 τοῖσι
532 567 552 604 ὁ
581 565 753 608 Διόνυσος
782 566 935 618 ἐτράφη.

251 674 314 713 IV
332 676 384 714 45
423 675 623 727 οὐρίσματα
659 679 704 725 τῇ
739 677 786 725 γῇ
823 674 957 717 Νεῖλός
992 690 1031 713 τε
1067 675 1175 726 ἐτέθη
1215 677 1274 714 καὶ
1312 676 1449 722 Φᾶσις,
1493 676 1532 712 οἱ
1568 676 1613 713 δὲ

145 737 273 776 Τάναϊν
301 739 461 789 ποταμὸν
489 739 551 776 καὶ
570 737 764 789 Πορῦμήϊα
783 739 827 776 τὰ
845 738 1017 789 κιμμέρια
1037 738 1172 788 λέγοι)
1184 752 1235 776 σι.
1284 739 1613 789 Geograpborum

144 800 360 840 sententias
388 801 502 841 affert
528 801 582 851 (v.
603 815 642 853 p.
666 801 745 852 10).

251 910 271 947 1
292 912 342 948 46
372 916 523 961 septem
561 911 720 948 oracula
755 916 977 959 enumerat,
1014 924 1114 960 quae
1144 910 1317 948 Croesus
1352 911 1612 956 consuluerim

145 988 177 1012 c.
199 976 248 1012 47
279 973 476 1025 queritur,
512 988 553 1012 se
583 974 783 1026 ignorare,
818 974 915 1025 quid
945 973 1140 1026 Delphieo
1170 978 1335 1024 excepto
1366 973 1517 1024 reliqua.
1545 987 1614 1012 sex

144 1038 200 1075 illi
236 1037 534 1088 responderint:
571 1052 594 1075 a
622 1038 740 1076 nullis
776 1038 880 1076 enim
916 1037 1141 1076 hominibus
1175 1038 1337 1075 narrari.
1396 1038 1515 1087 ὅτιμέν
1552 1052 1612 1074 νυν

144 1100 187 1139 τὰ
222 1101 327 1138 λοιπὰ
364 1103 434 1139 τῶν
469 1101 695 1152 χρηστηρίων
726 1100 916 1150 ἐθέσπισε,
951 1100 1002 1138 οὐ
1038 1100 1223 1150 λέγεται
1252 1100 1359 1150 πρὸς
1386 1100 1612 1150 οὐδαμῶν.

144 1163 272 1201 Nemo
313 1164 504 1215 cogitabit
546 1164 794 1203 Herodotum
837 1165 877 1202 in
920 1178 989 1203 sex
1026 1165 1103 1202 illis
1141 1163 1319 1214 oppidis,
1369 1178 1470 1213 quae
1510 1179 1541 1203 o.
1562 1166 1612 1202 46

144 1232 367 1276 enumerat,
406 1228 511 1267 cives
551 1227 824 1267 sacerdotesve
862 1234 930 1266 aut
958 1227 1104 1266 alieubi
1134 1228 1234 1265 ullos
1264 1226 1442 1264 homines
1471 1226 1613 1264 adiisse

143 1297 260 1342 atque
290 1306 427 1330 omnes
455 1292 642 1344 deinceps
670 1293 821 1331 sincere
851 1293 974 1331 fessos
1003 1306 1101 1340 esse,
1130 1306 1171 1330 se
1192 1294 1363 1337 neseire3
1392 1290 1462 1329 sed
1490 1291 1613 1329 maui-

143 1354 286 1393 festum
316 1360 376 1393 est
403 1369 494 1393 eum
522 1355 667 1404 dicere,
696 1370 737 1394 se
766 1355 873 1406 apud
902 1356 1099 1393 neminem
1129 1369 1278 1402 eorum,
1307 1354 1376 1404 qui
1406 1353 1453 1390 de
1476 1354 1614 1391 Croesi

143 1417 260 1457 rebus
289 1417 531 1468 scripserint,
560 1418 609 1457 de
639 1419 706 1457 illa
734 1434 774 1458 re
804 1418 1022 1470 quidquam
1050 1418 1252 1470 proditum
1283 1417 1490 1456 invenisse.

251 1537 435 1588 Denique
467 1536 652 1589 Περσικῶν
681 1542 861 1576 auctores
890 1537 951 1576 his
980 1537 1077 1576 loeis
1107 1536 1286 1588 respicit:

249 1615 315 1653 III
337 1616 386 1653 33
422 1616 464 1653 ἐκ
493 1619 641 1665 γενετῆς
674 1619 798 1653 νοῦσον
837 1617 996 1665 μεγάλην
1037 1616 1180 1664 λέγεται
1210 1614 1307 1666 ἔχειν
1346 1616 1365 1651 ὁ
1395 1612 1614 1665 Καμβύσης,

144 1679 205 1728 τὴν
236 1679 312 1730 ἱρὴν
342 1678 651 1729 οὐνομάζουσί
675 1693 802 1720 τινες.

252 1786 335 1825 VII
359 1788 433 1825 154
463 1787 582 1825 refert
599 1786 778 1824 Xerxem
799 1786 971 1838 Argivos
1000 1787 1250 1825 adhortatum
1280 1802 1377 1836 esse,
1408 1802 1456 1826 ne
1476 1788 1613 1825 adver-

144 1864 211 1889 sus
245 1846 408 1899 Persas,
446 1851 621 1901 ipsorum
659 1851 910 1901 progeniem,
951 1850 1109 1889 hostilia
1152 1850 1337 1889 faverent.
1400 1854 1486 1890 151.
1525 1864 1613 1902 συμ-

143 1916 263 1951 πεσεῖν
299 1914 339 1951 δὲ
368 1913 525 1951 τούτοισι
552 1914 612 1951 καὶ
641 1913 746 1951 τόνδε
774 1914 832 1951 τὸν
862 1913 968 1963 λόγον
999 1914 1189 1963 λέγουσι’
1214 1929 1334 1955 τινες
1355 1914 1612 1964 (Ελλήνων,

85 1988 88 1991 ’
143 1978 306 2015 πολλοῖσι
335 1975 430 2016 ἔτεσι
460 1977 605 2028 ὕστερον
636 1976 828 2028 γενόμενον
857 1977 1011 2023 τούτων,
1042 1992 1121 2016 κ.τ.
1138 1979 1169 2016 λ.

250 2084 434 2123 V11190
472 2085 508 2122 ἐν
546 2085 662 2136 τούτῳ
700 2089 751 2136 τῷ
785 2084 887 2136 πόνῳ
923 2085 1008 2126 νέας
1043 2086 1087 2123 οἳ
1130 2086 1378 2137 ἐλαχίστας
1420 2086 1527 2136 λέγο
1542 2100 1612 2124 υσι

144 2148 388 2200 διαφθαρῆναι
416 2148 677 2198 τετρακοσιέων
707 2148 772 2185 οὐκ
802 2149 1015 2190 ἐλάσσονας.

252 2251 335 2291 VII
357 2254 408 2291 60
439 2252 521 2291 ὅσον
553 2252 617 2304 μέν
646 2267 707 2291 νυν
737 2253 881 2291 ἓκαστοι
909 2256 1080 2306 παρεῖχον
1115 2254 1275 2305 πλήθεος
1310 2254 1459 2305 ἀριθμὸν
1498 2254 1612 2302 (dicit

143 2316 231 2353 illos
251 2315 516 2367 quadraginta
536 2329 604 2354 sex
624 2317 806 2367 populos,
826 2330 925 2366 quos
946 2317 1102 2355 Xerxes
1117 2323 1253 2355 eontra
1273 2316 1448 2355 Graecos
1468 2317 1612 2366 duxit),

144 2377 208 2415 οὐκ
239 2377 316 2429 ἔχω
346 2377 441 2416 εἶπαι
469 2378 509 2415 τὸ
539 2377 708 2429 ἀτρεκές,
743 2377 792 2415 οὐ
827 2379 911 2429 γὰρ
941 2378 1126 2428 λέγεται
1156 2381 1267 2430 πρὸς
1295 2381 1508 2431 οὐδαμῶν
1540 2381 1612 2417 ἀν-

144 2441 345 2491 θρώπων.

250 2544 317 2583 IX
337 2545 380 2582 81
430 2545 498 2584 ὃσα
529 2545 692 2597 ἐξαίρετα
720 2549 810 2585 τοῖσι
839 2546 1072 2597 ἀριστεύσασι
1102 2547 1138 2584 ἐν
1169 2546 1370 2597 Πλαταιῆσι
1399 2547 1511 2598 ἐδόθη
1524 2577 1534 2596 ,
1564 2562 1583 2585 0
1594 2548 1614 2585 ὐ

143 2607 332 2657 λέγεται
361 2609 471 2659 πρὸς
498 2623 517 2646 ο
530 2609 549 2646 ὐ
562 2610 729 2660 δαμῶν.
