1844 2898
753 111 1019 150 —45-

146 230 270 269 regno
298 216 444 256 Graeci
472 231 561 257 cum
589 217 799 271 Aegyptiis
828 218 1062 262 commercia
1089 217 1233 256 habere
1262 222 1300 256 et
1329 217 1383 256 ibi
1411 216 1617 256 considere

146 285 375 331 coeperunt,
403 280 625 333 Aegyptios
653 286 693 320 et
720 280 893 332 reliquos
920 280 1117 320 homines:

252 365 298 406 II
326 368 376 407 99
416 367 523 420 μέχρι
557 368 686 408 τούτου
722 367 800 420 ὄψις
832 383 872 407 τε
901 368 973 420 ἐμὴ
1001 369 1063 407 καὶ
1091 368 1216 419 γνώμη
1248 368 1308 405 καὶ
1339 368 1471 419 ἱστορίη
1503 370 1615 405 ταῦτα

146 428 308 479 λέγουσά
335 429 423 479 ἐστι,
451 431 491 468 τὸ
521 431 562 469 δὲ
592 431 661 469 ἀπὸ
690 432 795 469 τοῦδε
824 430 1043 481 Αἰγυπτίους
1071 430 1226 482 ἔρχομαι
1255 429 1387 480 λόγους
1417 431 1528 482 ἐρέων
1551 459 1560 468 .
1578 459 1586 467 .
1604 458 1614 467 .

147 491 207 529 τὸν
239 490 347 543 Μῆνα
374 493 433 531 τὸν
462 495 601 545 πρῶτον
632 493 896 546 βασιλεύσαντα
916 522 926 531 .
949 524 956 532 .
979 522 988 531 .

254 576 329 614 142
365 576 408 617 ἐς
442 577 506 627 μὲν
542 576 722 615 τοσόνδε
750 580 824 615 τοῦ
857 576 988 627 λόγου
1020 576 1251 627 Αἰγύπτιοί
1285 591 1325 615 τε
1358 577 1419 614 καὶ
1451 576 1485 613 οἱ
1521 575 1616 626 ἱρέες

146 637 285 689 ἔλεγον.

257 718 330 756 147
365 720 477 757 ταῦτα
506 717 571 769 μέν
599 733 660 756 νυν
690 718 815 757 αὐτοὶ
846 717 1072 769 Αἰγύπτιοι
1101 718 1299 768 λέγουσι,
1335 718 1404 756 ὅσα
1433 718 1473 755 δὲ
1503 717 1549 755 οἷ’
1570 732 1614 755 τε

146 778 270 818 ἄλλοι
312 779 529 834 ἅνθρωποι
570 783 641 820 καὶ
678 780 906 833 Αἰγύπτιοι
939 782 1117 833 λέγουσι
1153 782 1468 833 ὁμολογέοντες
1501 784 1614 819 τοῖσι

145 842 314 883 ἄλλοισι
340 845 433 883 κατὰ
460 846 594 897 ταύτην
623 846 686 896 τὴν
714 847 840 898 χώρην
870 845 1054 896 γενέσθαι,
1082 845 1180 884 ταῦτ’
1198 845 1267 896 ἤδη
1299 846 1440 896 φράσω.

254 931 365 970 Dicit
391 932 552 983 quidem
579 932 808 972 Herodotus
836 932 1036 972 nonnullis
1065 932 1162 971 locis
1191 931 1239 970 de
1268 932 1429 985 regibus
1457 931 1518 981 iis,
1547 931 1615 982 qui

145 999 235 1032 ante
281 993 615 1034 Psammetichum
662 996 840 1045 fuerunt,
886 1009 1050 1034 narrans
1102 995 1347 1034 »sacerdotes
1393 994 1616 1046 Aegyptios

145 1057 409 1097 narravisse«:
462 1060 512 1097 99
558 1060 617 1097 τὸν
654 1058 763 1110 Μῆνα
795 1060 854 1097 τὸν
887 1062 1025 1111 πρῶτον
1062 1058 1328 1111 βασιλεύσαντα
1364 1058 1547 1108 Αἰγύπτου
1577 1058 1616 1095 οἱ

146 1120 260 1171 ἱρέες
288 1120 440 1171 ἔλεγον
470 1122 754 1173 ἀπογεφυρῶσαι
782 1123 844 1172 τὴν
868 1121 1016 1174 Μέμφιν
1038 1150 1047 1159 .
1064 1151 1073 1159 .
1090 1150 1100 1159 .
1134 1122 1207 1160 102
1238 1122 1442 1173 Σέσωστρις
1462 1149 1471 1159 .
1489 1149 1498 1158 .
1516 1150 1525 1158 .
1555 1122 1614 1158 τὸν

145 1182 270 1234 ἔλεγον
301 1185 335 1222 οἱ
364 1184 457 1235 ἱρέες
484 1188 622 1237 πρῶτον
652 1186 716 1236 μὲν
735 1214 744 1223 .
761 1214 770 1223 .
788 1214 797 1224 .
820 1186 987 1224 ἐνθεῦτεν
1015 1186 1056 1223 δὲ
1081 1185 1174 1223 κατὰ
1194 1187 1264 1223 τῶν
1287 1185 1392 1236 ἱρέων
1413 1186 1475 1235 τὴν
1496 1185 1613 1236 φάτιν.

147 1247 236 1296 107,
268 1249 356 1297 111,
389 1248 478 1298 112,
510 1250 599 1298 121,
635 1249 720 1296 124,
751 1249 845 1296 1273
875 1248 945 1287 sed
973 1248 1178 1287 Herodoto
1208 1248 1285 1299 ipsi
1313 1262 1528 1299 numquam
1558 1247 1614 1286 illi

144 1309 214 1350 has
248 1324 309 1350 res
342 1317 617 1362 narraverunt,
656 1311 726 1351 sed
754 1310 930 1358 Graecos
964 1311 1176 1363 scriptores
1211 1315 1369 1350 secutus
1404 1310 1454 1349 ad
1487 1325 1614 1350 sacer-

143 1373 269 1425 dotes,
297 1375 587 1428 Aegyptiorum
616 1375 721 1414 viros
749 1375 898 1424 doctos,
928 1375 1169 1427 provocavit,
1198 1379 1242 1413 ut
1268 1374 1414 1426 primos
1436 1380 1615 1414 auctores

143 1452 274 1478 rerum
316 1439 652 1492 Aegyptiacarum
695 1439 811 1490 (1422
860 1438 1052 1489 Αἰγύπτιοί
1089 1454 1128 1477 τε
1170 1439 1232 1477 καὶ
1264 1439 1298 1476 οἱ
1331 1438 1425 1490 ἱρέες
1458 1437 1612 1489 ἔλεγον).

143 1500 372 1552 Numquam
397 1503 467 1541 ulli
487 1502 711 1541 sacerdotes
726 1502 918 1554 Aegyptii
937 1496 1138 1540 dikeruut:
1174 1502 1367 1540 »Pheroni
1386 1502 1424 1540 in
1448 1516 1614 1553 regnum

143 1564 333 1604 successit
352 1565 413 1603 vir
431 1565 728 1617 Memphiticus,
756 1579 874 1616 quem
895 1579 965 1604 vos
985 1563 1130 1603 Graeci
1149 1564 1337 1603 Proteum
1357 1565 1613 1603 nominatim:

148 1628 221 1666 112
256 1628 385 1666 τούτου
422 1628 639 1670 ἐκδέξασθαι
672 1629 734 1679 τὴν
767 1629 957 1681 βασιληίην
987 1627 1136 1678 ἔλεγον
1167 1627 1279 1679 ἄνδρα
1309 1627 1521 1679 Μεμφίτην,
1558 1634 1614 1680 τῷ

142 1691 251 1730 κατὰ
284 1692 357 1744 τὴν
391 1694 470 1731 τῶν
497 1691 722 1744 (Ελλήνων
757 1694 955 1743 γλῶσσαν
990 1691 1153 1743 οὕνομα
1188 1690 1370 1744 Πρωτέα
1405 1690 1520 1729 εἶναι
1558 1692 1612 1741 (ν.

143 1756 292 1807 supra).
355 1756 403 1794 cf.
439 1757 512 1795 122
555 1756 646 1807 μετὰ
688 1757 729 1795 δὲ
772 1759 884 1795 ταῦτα
923 1754 1048 1806 ἔλεγον
1082 1758 1205 1793 τοῦτον
1239 1756 1298 1793 τὸν
1334 1754 1486 1807 βασιλέα
1522 1756 1611 1798 ζωὸν

142 1820 344 1872 καταβῆναι
373 1820 473 1858 κάτω
503 1820 542 1862 ἐς
569 1821 628 1859 τὸν
659 1821 692 1858 οἱ
710 1818 892 1871 “Euam
919 1819 1022 1871 ἀίδην
1051 1819 1236 1870 νομίζουσι
1265 1817 1366 1857 εἶναι.

253 1907 328 1945 127
370 1908 582 1959 βασιλεῦσαι
620 1907 679 1945 τὸν
713 1906 846 1945 Χέοπα
880 1910 1002 1945 τοῦτον
1039 1905 1267 1956 Αἰγύπτιοι
1301 1905 1452 1956 ἔλεγον
1486 1909 1612 1958 πεντή-

141 1984 251 2008 κοντα
270 1969 348 2021 ἔτη,
377 1970 661 2020 τελευτήσαντος
680 1971 721 2008 δὲ
741 1970 871 2008 τούτου
893 1969 1110 2012 ἐκδέξασθαι
1129 1970 1191 2019 τὴν
1213 1970 1404 2021 βασιληίην
1422 1968 1613 2022 Χεφρῆνα.

141 2035 202 2073 καὶ
236 2037 358 2073 τοῦτον
391 2033 577 2085 πυραμίδα
608 2037 756 2084 ποιῆσαι
781 2062 948 2072 ......
982 2033 1058 2072 128
1085 2033 1268 2074 τούτους
1306 2033 1374 2071 ὑπὸ
1409 2033 1533 2084 μίσεος
1565 2034 1614 2072 οὐ

141 2097 278 2149 κάρτα
311 2096 517 2136 ἐθέλουσι
551 2096 779 2148 Αἰγύπτιοι
812 2097 1089 2149 οὖνομοίζειν,
1128 2096 1236 2134 ἀλλὰ
1269 2098 1341 2135 καὶ
1374 2097 1451 2139 τὰς
1479 2112 1611 2149 πυρα-

143 2161 271 2212 μίδας
301 2160 512 2199 καλέουσι
543 2160 750 2212 ποιμένος
784 2161 994 2203 Φιλίτιος.
1055 2159 1301 2199 Luculenter
1334 2175 1382 2199 ex
1418 2160 1493 2200 hoc
1527 2161 1613 2200 loco

142 2229 318 2276 apparet,
349 2223 448 2263 illud
477 2222 665 2274 Αἰγύπτιοι
693 2223 818 2275 ἔλεγον
847 2237 966 2275 quam
995 2224 1111 2275 plane
1139 2224 1276 2263 fictum
1305 2224 1367 2263 sit.

250 2325 283 2350 c.
297 2312 385 2351 τ100
413 2311 510 2351 dicit
537 2311 761 2352 sacerdotes
788 2326 837 2350 ex
855 2312 955 2351 libro
975 2326 1115 2364 regum
1134 2312 1425 2365 Aegyptiorum
1453 2312 1613 2351 nomina

142 2375 345 2414 recitasse:
368 2375 481 2427 ,μετὰ
511 2376 552 2414 δὲ
581 2378 703 2414 τοῦτον
732 2375 968 2425 κατέλεγον
998 2376 1039 2413 οἱ
1067 2375 1185 2427 ἱρέες
1219 2376 1266 2414 ἐκ
1303 2376 1455 2428 βίβλου
1491 2375 1611 2414 ἄλλων

144 2438 322 2492 βασιλέων
351 2439 561 2491 τριηκοσίων
590 2453 630 2477 τε
657 2440 719 2477 καὶ
746 2439 934 2491 τριήκοντα
962 2438 1158 2490 οὐνόματα.
1216 2437 1296 2477 Sed
1325 2452 1448 2490 paene
1472 2439 1611 2477 iisdem

141 2502 272 2541 verbis
300 2516 396 2541 usus
426 2502 664 2541 Diodorus
692 2516 850 2553 quoque
879 2516 942 2541 res
962 2502 1184 2554 Aegyptias
1214 2516 1377 2541 narrans
1405 2502 1455 2541 ad
1484 2517 1612 2542 sacer-

142 2566 254 2606 dotes
274 2566 495 2619 Aegyptios
523 2571 724 2618 provocat,
752 2566 867 2618 quasi
894 2566 980 2618 ipse
1009 2580 1099 2605 cum
1123 2566 1172 2606 iis
1194 2580 1394 2605 sermones
1412 2566 1611 2614 habuerit3

141 2635 182 2667 at
214 2643 330 2668 nemo
363 2629 577 2678 dubitabit,
610 2629 708 2680 quin
742 2629 918 2668 historici
946 2621 1100 2668 Graece
1123 2629 1341 2668 'scribentis
1375 2630 1518 2668 librum
1548 2630 1612 2668 ille
