<?xml version="1.0" encoding="UTF-8"?>
<!DOCTYPE html PUBLIC "-//W3C//DTD XHTML 1.0 Transitional//EN"
    "http://www.w3.org/TR/xhtml1/DTD/xhtml1-transitional.dtd">
<html xmlns="http://www.w3.org/1999/xhtml" xml:lang="en" lang="en">
 <head>
  <title>
</title>
<meta http-equiv="Content-Type" content="text/html;charset=utf-8" />
  <meta name='ocr-system' content='tesseract 3.04.00' />
  <meta name='ocr-capabilities' content='ocr_page ocr_carea ocr_par ocr_line ocrx_word'/>
</head>
<body>
  <div class='ocr_page' id='page_1' title='image "4738084_0050.png"; bbox 0 0 1844 2898; ppageno 0'>
   <div class='ocr_carea' id='block_1_1' title="bbox 761 97 1024 138">
    <p class='ocr_par' dir='ltr' id='par_1_1' title="bbox 761 97 1024 138">
     <span class='ocr_line' id='line_1_1' title="bbox 761 97 1024 138; baseline 0 -11"><span class='ocrx_word' id='word_1_1' title='bbox 761 97 1024 138; x_wconf 60' lang='lat'>„37-</span> 
     </span>
    </p>
   </div>
   <div class='ocr_carea' id='block_1_2' title="bbox 155 202 1625 322">
    <p class='ocr_par' dir='ltr' id='par_1_2' title="bbox 155 202 1625 322">
     <span class='ocr_line' id='line_1_2' title="bbox 157 202 1625 257; baseline -0.004 -12"><span class='ocrx_word' id='word_1_2' title='bbox 157 219 344 245; x_wconf 86' lang='lat' dir='ltr'>narrare</span> <span class='ocrx_word' id='word_1_3' title='bbox 373 205 470 244; x_wconf 82' lang='lat' dir='ltr'>dicit</span> <span class='ocrx_word' id='word_1_4' title='bbox 496 205 607 256; x_wconf 85' lang='grc' dir='ltr'>(κατὰ</span> <span class='ocrx_word' id='word_1_5' title='bbox 635 205 700 257; x_wconf 82' lang='grc' dir='ltr'>μὲν</span> <span class='ocrx_word' id='word_1_6' title='bbox 731 205 776 256; x_wconf 85' lang='grc' dir='ltr'>δὴ</span> <span class='ocrx_word' id='word_1_7' title='bbox 807 203 933 257; x_wconf 86' lang='grc' dir='ltr'>Κᾶρας</span> <span class='ocrx_word' id='word_1_8' title='bbox 959 204 1056 242; x_wconf 73' lang='grc' dir='ltr'>οὕτω</span> <span class='ocrx_word' id='word_1_9' title='bbox 1082 202 1224 255; x_wconf 77' lang='grc' dir='ltr'>Κρῆτες</span> <span class='ocrx_word' id='word_1_10' title='bbox 1254 203 1401 254; x_wconf 85' lang='grc' dir='ltr'>λέγουσι</span> <span class='ocrx_word' id='word_1_11' title='bbox 1429 203 1625 253; x_wconf 84' lang='grc' dir='ltr'>γενετθαι).</span> 
     </span>
     <span class='ocr_line' id='line_1_3' title="bbox 155 268 810 322; baseline -0.003 -13"><span class='ocrx_word' id='word_1_12' title='bbox 155 269 261 309; x_wconf 79' lang='lat' dir='ltr'>Vide</span> <span class='ocrx_word' id='word_1_13' title='bbox 290 268 532 322; x_wconf 82' lang='lat' dir='ltr'>Pherecydis</span> <span class='ocrx_word' id='word_1_14' title='bbox 559 270 697 322; x_wconf 77' lang='lat' dir='ltr'>fiagm.</span> <span class='ocrx_word' id='word_1_15' title='bbox 722 271 810 308; x_wconf 93' lang='grc'><strong>111.</strong></span> 
     </span>
    </p>
   </div>
   <div class='ocr_carea' id='block_1_3' title="bbox 154 355 1626 601">
    <p class='ocr_par' dir='ltr' id='par_1_3' title="bbox 154 355 1626 601">
     <span class='ocr_line' id='line_1_4' title="bbox 262 355 1624 412; baseline -0.003 -14"><span class='ocrx_word' id='word_1_16' title='bbox 262 358 347 398; x_wconf 92' lang='lat' dir='ltr'>VII</span> <span class='ocrx_word' id='word_1_17' title='bbox 367 359 417 398; x_wconf 80' lang='grc'>’73</span> <span class='ocrx_word' id='word_1_18' title='bbox 446 360 480 398; x_wconf 85' lang='grc' dir='ltr'>οἱ</span> <span class='ocrx_word' id='word_1_19' title='bbox 508 360 549 398; x_wconf 87' lang='grc' dir='ltr'>δὲ</span> <span class='ocrx_word' id='word_1_20' title='bbox 578 359 773 412; x_wconf 82' lang='grc' dir='ltr'><strong>Φρύγες,</strong></span> <span class='ocrx_word' id='word_1_21' title='bbox 803 360 863 400; x_wconf 82' lang='grc' dir='ltr'>ὡς</span> <span class='ocrx_word' id='word_1_22' title='bbox 891 355 1163 399; x_wconf 81' lang='grc' dir='ltr'>Μακεδόνες</span> <span class='ocrx_word' id='word_1_23' title='bbox 1191 356 1400 407; x_wconf 84' lang='grc' dir='ltr'>λέγουσι,</span> <span class='ocrx_word' id='word_1_24' title='bbox 1431 355 1624 395; x_wconf 76' lang='grc' dir='ltr'>ἐκαλέοντο</span> 
     </span>
     <span class='ocr_line' id='line_1_5' title="bbox 156 420 1624 475; baseline -0.003 -14"><span class='ocrx_word' id='word_1_25' title='bbox 156 422 286 474; x_wconf 80' lang='grc' dir='ltr'>Βρίγες</span> <span class='ocrx_word' id='word_1_26' title='bbox 318 422 447 474; x_wconf 87' lang='grc' dir='ltr'>χρόνον</span> <span class='ocrx_word' id='word_1_27' title='bbox 477 424 558 462; x_wconf 82' lang='grc' dir='ltr'>ὅσον</span> <span class='ocrx_word' id='word_1_28' title='bbox 588 423 794 475; x_wconf 80' lang='grc' dir='ltr'>Εὖρωπήϊοι</span> <span class='ocrx_word' id='word_1_29' title='bbox 822 422 945 463; x_wconf 86' lang='grc' dir='ltr'>ἐόντες</span> <span class='ocrx_word' id='word_1_30' title='bbox 979 422 1191 460; x_wconf 88' lang='grc' dir='ltr'>σύνοικοι</span> <span class='ocrx_word' id='word_1_31' title='bbox 1227 420 1339 471; x_wconf 81' lang='grc' dir='ltr'>ἦσαν</span> <span class='ocrx_word' id='word_1_32' title='bbox 1378 420 1624 458; x_wconf 78' lang='grc' dir='ltr'>Μακεδόσι.</span> 
     </span>
     <span class='ocr_line' id='line_1_6' title="bbox 154 482 1626 536; baseline -0.002 -13"><span class='ocrx_word' id='word_1_33' title='bbox 154 499 190 523; x_wconf 89' lang='lat' dir='ltr'>v.</span> <span class='ocrx_word' id='word_1_34' title='bbox 217 498 255 536; x_wconf 94' lang='lat' dir='ltr'>p.</span> <span class='ocrx_word' id='word_1_35' title='bbox 276 485 340 523; x_wconf 82' lang='lat'>52.</span> <span class='ocrx_word' id='word_1_36' title='bbox 406 486 463 524; x_wconf 90' lang='lat' dir='ltr'>At</span> <span class='ocrx_word' id='word_1_37' title='bbox 496 484 691 524; x_wconf 83' lang='lat' dir='ltr'><strong>Graecam</strong></span> <span class='ocrx_word' id='word_1_38' title='bbox 730 484 904 523; x_wconf 87' lang='lat' dir='ltr'>fabulam</span> <span class='ocrx_word' id='word_1_39' title='bbox 942 488 1183 536; x_wconf 81' lang='lat' dir='ltr'>compertam</span> <span class='ocrx_word' id='word_1_40' title='bbox 1217 482 1415 522; x_wconf 83' lang='lat' dir='ltr'>habebant</span> <span class='ocrx_word' id='word_1_41' title='bbox 1447 482 1626 535; x_wconf 85' lang='lat' dir='ltr'>Phryges</span> 
     </span>
     <span class='ocr_line' id='line_1_7' title="bbox 154 549 556 601; baseline -0.002 -13"><span class='ocrx_word' id='word_1_42' title='bbox 154 549 257 599; x_wconf 88' lang='lat' dir='ltr'><strong>(VII</strong></span> <span class='ocrx_word' id='word_1_43' title='bbox 279 550 328 588; x_wconf 81' lang='lat'>‘26</span> <span class='ocrx_word' id='word_1_44' title='bbox 357 564 393 587; x_wconf 88' lang='lat' dir='ltr'>v.</span> <span class='ocrx_word' id='word_1_45' title='bbox 414 564 454 601; x_wconf 88' lang='lat' dir='ltr'>p.</span> <span class='ocrx_word' id='word_1_46' title='bbox 476 550 556 599; x_wconf 74' lang='lat'>28).</span> 
     </span>
    </p>
   </div>
   <div class='ocr_carea' id='block_1_4' title="bbox 153 637 1655 1310">
    <p class='ocr_par' dir='ltr' id='par_1_4' title="bbox 153 637 1655 1310">
     <span class='ocr_line' id='line_1_8' title="bbox 262 637 1624 692; baseline -0.002 -15"><span class='ocrx_word' id='word_1_47' title='bbox 262 638 325 678; x_wconf 89' lang='lat' dir='ltr'>IV</span> <span class='ocrx_word' id='word_1_48' title='bbox 349 639 398 678; x_wconf 84' lang='lat'>23</span> <span class='ocrx_word' id='word_1_49' title='bbox 419 652 476 690; x_wconf 86' lang='lat' dir='ltr'>sq.</span> <span class='ocrx_word' id='word_1_50' title='bbox 515 638 599 692; x_wconf 86' lang='lat' dir='ltr'>agit</span> <span class='ocrx_word' id='word_1_51' title='bbox 626 637 675 677; x_wconf 93' lang='lat' dir='ltr'>de</span> <span class='ocrx_word' id='word_1_52' title='bbox 703 638 882 678; x_wconf 87' lang='lat' dir='ltr'>fabulosa</span> <span class='ocrx_word' id='word_1_53' title='bbox 910 638 1111 678; x_wconf 87' lang='lat' dir='ltr'>calvorum</span> <span class='ocrx_word' id='word_1_54' title='bbox 1139 637 1459 690; x_wconf 86' lang='lat' dir='ltr'>Argippaeorum</span> <span class='ocrx_word' id='word_1_55' title='bbox 1487 641 1624 689; x_wconf 86' lang='lat' dir='ltr'>gente:</span> 
     </span>
     <span class='ocr_line' id='line_1_9' title="bbox 155 700 1624 753; baseline -0.001 -13"><span class='ocrx_word' id='word_1_56' title='bbox 155 702 338 753; x_wconf 81' lang='grc' dir='ltr'>ἅνθρωποι</span> <span class='ocrx_word' id='word_1_57' title='bbox 367 701 621 753; x_wconf 77' lang='grc' dir='ltr'>λεγόμενοι</span> <span class='ocrx_word' id='word_1_58' title='bbox 649 701 739 740; x_wconf 86' lang='grc' dir='ltr'>εἷναι</span> <span class='ocrx_word' id='word_1_59' title='bbox 766 702 895 743; x_wconf 89' lang='grc' dir='ltr'>πάντες</span> <span class='ocrx_word' id='word_1_60' title='bbox 923 702 1105 752; x_wconf 87' lang='grc' dir='ltr'>φαλακροί</span> <span class='ocrx_word' id='word_1_61' title='bbox 1122 731 1130 739; x_wconf 90' lang='grc'><strong>.</strong></span> <span class='ocrx_word' id='word_1_62' title='bbox 1149 730 1158 738; x_wconf 94' lang='grc'><strong>.</strong></span> <span class='ocrx_word' id='word_1_63' title='bbox 1177 731 1186 739; x_wconf 90' lang='grc'><strong>.</strong></span> <span class='ocrx_word' id='word_1_64' title='bbox 1207 702 1273 752; x_wconf 88' lang='grc' dir='ltr'>ἱροὶ</span> <span class='ocrx_word' id='word_1_65' title='bbox 1293 700 1502 750; x_wconf 90' lang='grc' dir='ltr'>λέγονται</span> <span class='ocrx_word' id='word_1_66' title='bbox 1522 700 1624 739; x_wconf 84' lang='grc' dir='ltr'>εἶναι.</span> 
     </span>
     <span class='ocr_line' id='line_1_10' title="bbox 156 763 1625 816; baseline -0.002 -14"><span class='ocrx_word' id='word_1_67' title='bbox 156 766 206 802; x_wconf 78' lang='lat'>24</span> <span class='ocrx_word' id='word_1_68' title='bbox 236 764 344 816; x_wconf 83' lang='grc' dir='ltr'>μέχρι</span> <span class='ocrx_word' id='word_1_69' title='bbox 372 764 437 814; x_wconf 89' lang='grc' dir='ltr'>μέν</span> <span class='ocrx_word' id='word_1_70' title='bbox 465 779 526 801; x_wconf 91' lang='grc' dir='ltr'>νυν</span> <span class='ocrx_word' id='word_1_71' title='bbox 555 767 625 802; x_wconf 89' lang='grc' dir='ltr'>τῶν</span> <span class='ocrx_word' id='word_1_72' title='bbox 655 766 851 815; x_wconf 83' lang='grc' dir='ltr'>φαλακρῶν</span> <span class='ocrx_word' id='word_1_73' title='bbox 880 763 1016 801; x_wconf 88' lang='grc' dir='ltr'>τούτων</span> <span class='ocrx_word' id='word_1_74' title='bbox 1046 764 1161 813; x_wconf 88' lang='grc' dir='ltr'>πολλὴ</span> <span class='ocrx_word' id='word_1_75' title='bbox 1184 764 1398 814; x_wconf 84' lang='grc' dir='ltr'>περιφάνεια</span> <span class='ocrx_word' id='word_1_76' title='bbox 1417 766 1481 813; x_wconf 79' lang='grc' dir='ltr'>τῆς</span> <span class='ocrx_word' id='word_1_77' title='bbox 1498 765 1625 815; x_wconf 80' lang='grc' dir='ltr'><strong>χώρης</strong></span> 
     </span>
     <span class='ocr_line' id='line_1_11' title="bbox 155 827 1623 880; baseline -0.001 -13"><span class='ocrx_word' id='word_1_78' title='bbox 155 829 259 867; x_wconf 86' lang='grc' dir='ltr'>ἐστὶ.</span> <span class='ocrx_word' id='word_1_79' title='bbox 281 857 291 867; x_wconf 88' lang='grc'><strong>.</strong></span> <span class='ocrx_word' id='word_1_80' title='bbox 313 859 322 867; x_wconf 95' lang='grc'><em>.</em></span> <span class='ocrx_word' id='word_1_81' title='bbox 381 829 430 867; x_wconf 79' lang='lat'>‘25</span> <span class='ocrx_word' id='word_1_82' title='bbox 461 828 570 880; x_wconf 87' lang='grc' dir='ltr'>μέχρι</span> <span class='ocrx_word' id='word_1_83' title='bbox 599 828 664 880; x_wconf 82' lang='grc' dir='ltr'>μὲν</span> <span class='ocrx_word' id='word_1_84' title='bbox 695 828 740 878; x_wconf 84' lang='grc' dir='ltr'>δὴ</span> <span class='ocrx_word' id='word_1_85' title='bbox 769 827 907 866; x_wconf 86' lang='grc' dir='ltr'>τούτων</span> <span class='ocrx_word' id='word_1_86' title='bbox 937 828 1165 878; x_wconf 79' lang='grc' dir='ltr'>γινώσκεται,</span> <span class='ocrx_word' id='word_1_87' title='bbox 1194 827 1234 865; x_wconf 81' lang='grc' dir='ltr'>τὸ</span> <span class='ocrx_word' id='word_1_88' title='bbox 1263 827 1304 865; x_wconf 87' lang='grc' dir='ltr'>δὲ</span> <span class='ocrx_word' id='word_1_89' title='bbox 1333 829 1403 865; x_wconf 84' lang='grc' dir='ltr'>τῶν</span> <span class='ocrx_word' id='word_1_90' title='bbox 1427 829 1623 878; x_wconf 83' lang='grc' dir='ltr'>φαλακρῶν</span> 
     </span>
     <span class='ocr_line' id='line_1_12' title="bbox 154 889 1623 942; baseline -0.002 -13"><span class='ocrx_word' id='word_1_91' title='bbox 154 892 361 942; x_wconf 88' lang='grc' dir='ltr'>κατύπερθε</span> <span class='ocrx_word' id='word_1_92' title='bbox 397 891 517 932; x_wconf 84' lang='grc' dir='ltr'>οὐδεὶς</span> <span class='ocrx_word' id='word_1_93' title='bbox 551 891 733 942; x_wconf 85' lang='grc' dir='ltr'>ἀτρεκέως</span> <span class='ocrx_word' id='word_1_94' title='bbox 767 890 845 928; x_wconf 83' lang='grc' dir='ltr'>οἶδε</span> <span class='ocrx_word' id='word_1_95' title='bbox 878 891 1025 941; x_wconf 80' lang='grc' dir='ltr'>φράσαι.</span> <span class='ocrx_word' id='word_1_96' title='bbox 1082 890 1194 940; x_wconf 84' lang='grc' dir='ltr'>οὔρεά</span> <span class='ocrx_word' id='word_1_97' title='bbox 1221 904 1260 927; x_wconf 91' lang='grc' dir='ltr'>τε</span> <span class='ocrx_word' id='word_1_98' title='bbox 1289 889 1355 940; x_wconf 86' lang='grc' dir='ltr'>γὰρ</span> <span class='ocrx_word' id='word_1_99' title='bbox 1386 890 1508 941; x_wconf 81' lang='grc' dir='ltr'>ὑψηλὰ</span> <span class='ocrx_word' id='word_1_100' title='bbox 1536 891 1623 927; x_wconf 85' lang='grc' dir='ltr'>ἀπο-</span> 
     </span>
     <span class='ocr_line' id='line_1_13' title="bbox 153 952 1625 1007; baseline -0.001 -15"><span class='ocrx_word' id='word_1_101' title='bbox 153 955 278 1006; x_wconf 83' lang='grc' dir='ltr'>τάμνει</span> <span class='ocrx_word' id='word_1_102' title='bbox 306 953 425 1007; x_wconf 83' lang='grc' dir='ltr'>ἄβατα</span> <span class='ocrx_word' id='word_1_103' title='bbox 452 955 514 993; x_wconf 93' lang='grc' dir='ltr'>καὶ</span> <span class='ocrx_word' id='word_1_104' title='bbox 542 954 663 996; x_wconf 83' lang='grc' dir='ltr'>οὐδείς</span> <span class='ocrx_word' id='word_1_105' title='bbox 690 966 788 1005; x_wconf 88' lang='grc' dir='ltr'>σφεα</span> <span class='ocrx_word' id='word_1_106' title='bbox 817 953 1034 1006; x_wconf 83' lang='grc' dir='ltr'>ὑπερβαίνει.</span> <span class='ocrx_word' id='word_1_107' title='bbox 1092 953 1133 990; x_wconf 85' lang='grc' dir='ltr'>οἱ</span> <span class='ocrx_word' id='word_1_108' title='bbox 1162 952 1212 990; x_wconf 86' lang='grc' dir='ltr'>δὲ</span> <span class='ocrx_word' id='word_1_109' title='bbox 1241 953 1473 1004; x_wconf 87' lang='grc' dir='ltr'>φαλακροὶ</span> <span class='ocrx_word' id='word_1_110' title='bbox 1500 952 1625 991; x_wconf 83' lang='grc' dir='ltr'>οὖτοι</span> 
     </span>
     <span class='ocr_line' id='line_1_14' title="bbox 154 1011 1655 1068; baseline -0.002 -13"><span class='ocrx_word' id='word_1_111' title='bbox 154 1017 367 1067; x_wconf 86' lang='grc' dir='ltr'>λέγουσι,</span> <span class='ocrx_word' id='word_1_112' title='bbox 404 1017 535 1055; x_wconf 83' lang='grc' dir='ltr'>οἰκέειν</span> <span class='ocrx_word' id='word_1_113' title='bbox 564 1017 610 1055; x_wconf 85' lang='grc' dir='ltr'>τὰ</span> <span class='ocrx_word' id='word_1_114' title='bbox 638 1016 751 1068; x_wconf 87' lang='grc' dir='ltr'>οὔρεα</span> <span class='ocrx_word' id='word_1_115' title='bbox 780 1016 967 1066; x_wconf 83' lang='grc' dir='ltr'>αἰγίποδας</span> <span class='ocrx_word' id='word_1_116' title='bbox 996 1015 1146 1067; x_wconf 82' lang='grc' dir='ltr'>ἄνδρας,</span> <span class='ocrx_word' id='word_1_117' title='bbox 1183 1016 1374 1067; x_wconf 86' lang='grc' dir='ltr'>ὑπερβάντι</span> <span class='ocrx_word' id='word_1_118' title='bbox 1403 1016 1444 1053; x_wconf 84' lang='grc' dir='ltr'>δὲ</span> <span class='ocrx_word' id='word_1_119' title='bbox 1472 1016 1625 1057; x_wconf 82' lang='grc' dir='ltr'>τούτους</span> <span class='ocrx_word' id='word_1_120' title='bbox 1652 1011 1655 1013; x_wconf 59' lang='grc'><strong>’</strong></span> 
     </span>
     <span class='ocr_line' id='line_1_15' title="bbox 153 1078 1626 1133; baseline -0.001 -14"><span class='ocrx_word' id='word_1_121' title='bbox 153 1079 288 1123; x_wconf 83' lang='grc' dir='ltr'>ἄλλους</span> <span class='ocrx_word' id='word_1_122' title='bbox 325 1081 556 1133; x_wconf 81' lang='grc' dir='ltr'>ἀνθρώπους,</span> <span class='ocrx_word' id='word_1_123' title='bbox 592 1080 627 1118; x_wconf 83' lang='grc' dir='ltr'>οἳ</span> <span class='ocrx_word' id='word_1_124' title='bbox 652 1080 715 1131; x_wconf 88' lang='grc' dir='ltr'>τὴν</span> <span class='ocrx_word' id='word_1_125' title='bbox 746 1079 922 1131; x_wconf 76' lang='grc' dir='ltr'>ἑξάμηνον</span> <span class='ocrx_word' id='word_1_126' title='bbox 950 1079 1181 1118; x_wconf 82' lang='grc' dir='ltr'>κατεύδουσι.</span> <span class='ocrx_word' id='word_1_127' title='bbox 1237 1078 1330 1118; x_wconf 91' lang='lat' dir='ltr'>Non</span> <span class='ocrx_word' id='word_1_128' title='bbox 1359 1085 1626 1131; x_wconf 86' lang='lat' dir='ltr'>provocarunt</span> 
     </span>
     <span class='ocr_line' id='line_1_16' title="bbox 154 1143 1625 1196; baseline -0.001 -14"><span class='ocrx_word' id='word_1_129' title='bbox 154 1144 205 1182; x_wconf 88' lang='lat' dir='ltr'>ad</span> <span class='ocrx_word' id='word_1_130' title='bbox 224 1145 475 1196; x_wconf 87' lang='lat' dir='ltr'>Argippaeos</span> <span class='ocrx_word' id='word_1_131' title='bbox 495 1144 692 1183; x_wconf 85' lang='lat' dir='ltr'>Herodoti</span> <span class='ocrx_word' id='word_1_132' title='bbox 719 1149 912 1193; x_wconf 82' lang='lat' dir='ltr'>auctores,</span> <span class='ocrx_word' id='word_1_133' title='bbox 942 1143 1012 1182; x_wconf 86' lang='lat' dir='ltr'>sed</span> <span class='ocrx_word' id='word_1_134' title='bbox 1040 1143 1147 1193; x_wconf 90' lang='lat' dir='ltr'>quod</span> <span class='ocrx_word' id='word_1_135' title='bbox 1176 1143 1226 1181; x_wconf 93' lang='lat' dir='ltr'>de</span> <span class='ocrx_word' id='word_1_136' title='bbox 1253 1143 1483 1194; x_wconf 85' lang='lat' dir='ltr'>regionibus</span> <span class='ocrx_word' id='word_1_137' title='bbox 1505 1157 1625 1194; x_wconf 81' lang='lat' dir='ltr'>supra</span> 
     </span>
     <span class='ocr_line' id='line_1_17' title="bbox 154 1206 1623 1260; baseline -0.001 -14"><span class='ocrx_word' id='word_1_138' title='bbox 154 1207 472 1260; x_wconf 86' lang='lat' dir='ltr'>Argippaeorum</span> <span class='ocrx_word' id='word_1_139' title='bbox 500 1207 600 1246; x_wconf 87' lang='lat' dir='ltr'>fines</span> <span class='ocrx_word' id='word_1_140' title='bbox 629 1207 714 1246; x_wconf 83' lang='lat' dir='ltr'>sitis</span> <span class='ocrx_word' id='word_1_141' title='bbox 743 1212 782 1245; x_wconf 89' lang='lat' dir='ltr'>et</span> <span class='ocrx_word' id='word_1_142' title='bbox 810 1221 833 1245; x_wconf 89' lang='lat' dir='ltr'>a</span> <span class='ocrx_word' id='word_1_143' title='bbox 862 1207 969 1245; x_wconf 90' lang='lat' dir='ltr'>nullo</span> <span class='ocrx_word' id='word_1_144' title='bbox 990 1206 1066 1245; x_wconf 89' lang='lat' dir='ltr'>alio</span> <span class='ocrx_word' id='word_1_145' title='bbox 1086 1206 1244 1245; x_wconf 90' lang='lat' dir='ltr'>homine</span> <span class='ocrx_word' id='word_1_146' title='bbox 1264 1206 1358 1245; x_wconf 86' lang='lat' dir='ltr'>visis</span> <span class='ocrx_word' id='word_1_147' title='bbox 1378 1207 1623 1256; x_wconf 80' lang='lat' dir='ltr'>narrabatur,</span> 
     </span>
     <span class='ocr_line' id='line_1_18' title="bbox 154 1269 1265 1310; baseline -0.002 -1"><span class='ocrx_word' id='word_1_148' title='bbox 154 1270 229 1309; x_wconf 92' lang='lat' dir='ltr'>hoc</span> <span class='ocrx_word' id='word_1_149' title='bbox 257 1276 565 1310; x_wconf 83' lang='lat' dir='ltr'>consentaneum</span> <span class='ocrx_word' id='word_1_150' title='bbox 594 1271 630 1309; x_wconf 88' lang='lat' dir='ltr'>ei</span> <span class='ocrx_word' id='word_1_151' title='bbox 658 1276 743 1309; x_wconf 88' lang='lat' dir='ltr'>erat</span> <span class='ocrx_word' id='word_1_152' title='bbox 771 1270 848 1309; x_wconf 81' lang='lat' dir='ltr'>illis</span> <span class='ocrx_word' id='word_1_153' title='bbox 878 1275 922 1308; x_wconf 91' lang='lat' dir='ltr'>ut</span> <span class='ocrx_word' id='word_1_154' title='bbox 948 1270 1089 1308; x_wconf 85' lang='lat' dir='ltr'>vicinis</span> <span class='ocrx_word' id='word_1_155' title='bbox 1117 1269 1265 1308; x_wconf 90' lang='lat' dir='ltr'>deberi.</span> 
     </span>
    </p>
   </div>
   <div class='ocr_carea' id='block_1_5' title="bbox 151 1358 1624 1666">
    <p class='ocr_par' dir='ltr' id='par_1_5' title="bbox 151 1358 1624 1666">
     <span class='ocr_line' id='line_1_19' title="bbox 260 1358 1624 1412; baseline -0.002 -13"><span class='ocrx_word' id='word_1_156' title='bbox 260 1359 322 1399; x_wconf 90' lang='lat' dir='ltr'>IV</span> <span class='ocrx_word' id='word_1_157' title='bbox 342 1360 392 1398; x_wconf 82' lang='lat'>25</span> <span class='ocrx_word' id='word_1_158' title='bbox 422 1360 461 1398; x_wconf 89' lang='grc' dir='ltr'>τὸ</span> <span class='ocrx_word' id='word_1_159' title='bbox 490 1360 578 1411; x_wconf 86' lang='grc' dir='ltr'>πρὸς</span> <span class='ocrx_word' id='word_1_160' title='bbox 606 1360 662 1411; x_wconf 80' lang='grc' dir='ltr'>ἠῶ</span> <span class='ocrx_word' id='word_1_161' title='bbox 681 1361 752 1398; x_wconf 85' lang='grc' dir='ltr'>τῶν</span> <span class='ocrx_word' id='word_1_162' title='bbox 773 1361 970 1412; x_wconf 86' lang='grc' dir='ltr'>φαλακρῶν</span> <span class='ocrx_word' id='word_1_163' title='bbox 992 1360 1206 1409; x_wconf 85' lang='grc' dir='ltr'>γινώσκεται</span> <span class='ocrx_word' id='word_1_164' title='bbox 1225 1358 1407 1410; x_wconf 86' lang='grc' dir='ltr'>ἀτρεκέως</span> <span class='ocrx_word' id='word_1_165' title='bbox 1428 1359 1486 1396; x_wconf 83' lang='grc' dir='ltr'>ὑπ’</span> <span class='ocrx_word' id='word_1_166' title='bbox 1508 1358 1624 1411; x_wconf 82' lang='grc' dir='ltr'>Ἰσση-</span> 
     </span>
     <span class='ocr_line' id='line_1_20' title="bbox 153 1415 1623 1474; baseline -0.001 -13"><span class='ocrx_word' id='word_1_167' title='bbox 153 1422 265 1461; x_wconf 90' lang='grc' dir='ltr'>δόνων</span> <span class='ocrx_word' id='word_1_168' title='bbox 295 1422 516 1474; x_wconf 83' lang='grc' dir='ltr'>οἰκεόμενον.</span> <span class='ocrx_word' id='word_1_169' title='bbox 560 1423 609 1461; x_wconf 82' lang='grc'>27</span> <span class='ocrx_word' id='word_1_170' title='bbox 641 1424 875 1472; x_wconf 88' lang='grc' dir='ltr'>γινώσκονται</span> <span class='ocrx_word' id='word_1_171' title='bbox 902 1422 967 1473; x_wconf 88' lang='grc' dir='ltr'>μὲν</span> <span class='ocrx_word' id='word_1_172' title='bbox 988 1415 1033 1472; x_wconf 85' lang='grc' dir='ltr'>δὴ</span> <span class='ocrx_word' id='word_1_173' title='bbox 1053 1423 1114 1460; x_wconf 87' lang='grc' dir='ltr'>καὶ</span> <span class='ocrx_word' id='word_1_174' title='bbox 1132 1421 1242 1468; x_wconf 79' lang='grc' dir='ltr'>οὗτοι,</span> <span class='ocrx_word' id='word_1_175' title='bbox 1271 1422 1311 1460; x_wconf 84' lang='grc' dir='ltr'>τὸ</span> <span class='ocrx_word' id='word_1_176' title='bbox 1333 1422 1374 1459; x_wconf 87' lang='grc' dir='ltr'>δὲ</span> <span class='ocrx_word' id='word_1_177' title='bbox 1396 1423 1465 1460; x_wconf 81' lang='grc' dir='ltr'>ἀπὸ</span> <span class='ocrx_word' id='word_1_178' title='bbox 1485 1423 1623 1460; x_wconf 89' lang='grc' dir='ltr'>τούτων</span> 
     </span>
     <span class='ocr_line' id='line_1_21' title="bbox 151 1484 1623 1538; baseline -0.001 -13"><span class='ocrx_word' id='word_1_179' title='bbox 151 1487 192 1525; x_wconf 86' lang='grc' dir='ltr'>τὸ</span> <span class='ocrx_word' id='word_1_180' title='bbox 238 1486 445 1538; x_wconf 87' lang='grc' dir='ltr'>κατύπερθε</span> <span class='ocrx_word' id='word_1_181' title='bbox 497 1484 769 1537; x_wconf 87' lang='grc' dir='ltr'>Ἰσσηδόνες</span> <span class='ocrx_word' id='word_1_182' title='bbox 824 1486 913 1524; x_wconf 86' lang='grc' dir='ltr'>εἰσὶ</span> <span class='ocrx_word' id='word_1_183' title='bbox 963 1486 1007 1523; x_wconf 83' lang='grc' dir='ltr'>οἱ</span> <span class='ocrx_word' id='word_1_184' title='bbox 1051 1485 1268 1536; x_wconf 89' lang='grc' dir='ltr'>λέγοντες</span> <span class='ocrx_word' id='word_1_185' title='bbox 1314 1485 1414 1528; x_wconf 84' lang='grc' dir='ltr'>τοὺς</span> <span class='ocrx_word' id='word_1_186' title='bbox 1461 1500 1623 1537; x_wconf 91' lang='grc' dir='ltr'>μουνο-</span> 
     </span>
     <span class='ocr_line' id='line_1_22' title="bbox 152 1550 1622 1602; baseline -0.001 -14"><span class='ocrx_word' id='word_1_187' title='bbox 152 1551 393 1602; x_wconf 85' lang='grc' dir='ltr'>φθάλμους</span> <span class='ocrx_word' id='word_1_188' title='bbox 421 1551 691 1602; x_wconf 80' lang='grc' dir='ltr'>ἀνθρώπους</span> <span class='ocrx_word' id='word_1_189' title='bbox 718 1552 792 1589; x_wconf 87' lang='grc' dir='ltr'>καὶ</span> <span class='ocrx_word' id='word_1_190' title='bbox 819 1550 920 1592; x_wconf 81' lang='grc' dir='ltr'>τοὺς</span> <span class='ocrx_word' id='word_1_191' title='bbox 946 1550 1306 1602; x_wconf 83' lang='grc' dir='ltr'>χρυσοφύλακας</span> <span class='ocrx_word' id='word_1_192' title='bbox 1334 1554 1502 1602; x_wconf 81' lang='grc' dir='ltr'>γρῦπας</span> <span class='ocrx_word' id='word_1_193' title='bbox 1521 1550 1622 1588; x_wconf 87' lang='grc' dir='ltr'>εἶναι.</span> 
     </span>
     <span class='ocr_line' id='line_1_23' title="bbox 151 1613 1624 1666; baseline 0 -14"><span class='ocrx_word' id='word_1_194' title='bbox 151 1613 213 1652; x_wconf 90' lang='lat' dir='ltr'>IV</span> <span class='ocrx_word' id='word_1_195' title='bbox 247 1615 293 1652; x_wconf 91' lang='lat'>13</span> <span class='ocrx_word' id='word_1_196' title='bbox 335 1613 421 1666; x_wconf 84' lang='grc' dir='ltr'>ἔφη</span> <span class='ocrx_word' id='word_1_197' title='bbox 454 1613 690 1666; x_wconf 84' lang='grc' dir='ltr'>Ἀριστέης</span> <span class='ocrx_word' id='word_1_198' title='bbox 725 1613 984 1665; x_wconf 84' lang='grc' dir='ltr'>Ἰσσηδόνων</span> <span class='ocrx_word' id='word_1_199' title='bbox 1027 1613 1297 1665; x_wconf 86' lang='grc' dir='ltr'>ὑπεροικέειν</span> <span class='ocrx_word' id='word_1_200' title='bbox 1335 1614 1624 1666; x_wconf 80' lang='grc' dir='ltr'>Ἀριμασποὺς</span> 
     </span>
    </p>
   </div>
   <div class='ocr_carea' id='block_1_6' title="bbox 153 1677 1681 1731">
    <p class='ocr_par' dir='ltr' id='par_1_6' title="bbox 153 1677 1681 1731">
     <span class='ocr_line' id='line_1_24' title="bbox 153 1677 1681 1731; baseline 0.001 -15"><span class='ocrx_word' id='word_1_201' title='bbox 153 1677 323 1729; x_wconf 80' lang='grc' dir='ltr'>ἄνδρας</span> <span class='ocrx_word' id='word_1_202' title='bbox 352 1679 767 1730; x_wconf 81' lang='grc' dir='ltr'>μουνοφθάλμους,</span> <span class='ocrx_word' id='word_1_203' title='bbox 799 1678 888 1730; x_wconf 84' lang='grc' dir='ltr'>ὑπὲρ</span> <span class='ocrx_word' id='word_1_204' title='bbox 908 1677 949 1716; x_wconf 89' lang='grc' dir='ltr'>δέ</span> <span class='ocrx_word' id='word_1_205' title='bbox 974 1678 1110 1716; x_wconf 89' lang='grc' dir='ltr'>τούτων</span> <span class='ocrx_word' id='word_1_206' title='bbox 1139 1678 1241 1719; x_wconf 85' lang='grc' dir='ltr'>τοὺς</span> <span class='ocrx_word' id='word_1_207' title='bbox 1267 1679 1623 1731; x_wconf 87' lang='grc' dir='ltr'>χρυσοφύλακας</span> <span class='ocrx_word' id='word_1_208' title='bbox 1679 1711 1681 1713; x_wconf 96' lang='grc'>.</span> 
     </span>
    </p>
   </div>
   <div class='ocr_carea' id='block_1_7' title="bbox 152 1740 446 1794">
    <p class='ocr_par' dir='ltr' id='par_1_7' title="bbox 152 1740 446 1794">
     <span class='ocr_line' id='line_1_25' title="bbox 152 1740 446 1794; baseline -0.007 -14"><span class='ocrx_word' id='word_1_209' title='bbox 152 1756 198 1794; x_wconf 92' lang='grc' dir='ltr'>γρ</span> <span class='ocrx_word' id='word_1_210' title='bbox 208 1744 288 1780; x_wconf 79' lang='grc' dir='ltr'>ὄπα</span> <span class='ocrx_word' id='word_1_211' title='bbox 298 1756 316 1783; x_wconf 90' lang='grc' dir='ltr'>ς</span> <span class='ocrx_word' id='word_1_212' title='bbox 344 1740 446 1779; x_wconf 86' lang='grc' dir='ltr'>εἶναι.</span> 
     </span>
    </p>
   </div>
   <div class='ocr_carea' id='block_1_8' title="bbox 150 1835 1621 1952">
    <p class='ocr_par' dir='ltr' id='par_1_8' title="bbox 150 1835 1621 1952">
     <span class='ocr_line' id='line_1_26' title="bbox 263 1835 1621 1890; baseline 0.001 -15"><span class='ocrx_word' id='word_1_213' title='bbox 263 1836 302 1875; x_wconf 92' lang='lat' dir='ltr'><strong>V</strong></span> <span class='ocrx_word' id='word_1_214' title='bbox 321 1837 370 1874; x_wconf 91' lang='lat'>10</span> <span class='ocrx_word' id='word_1_215' title='bbox 399 1838 455 1877; x_wconf 80' lang='grc' dir='ltr'>ὡς</span> <span class='ocrx_word' id='word_1_216' title='bbox 475 1837 516 1874; x_wconf 84' lang='grc' dir='ltr'>δὲ</span> <span class='ocrx_word' id='word_1_217' title='bbox 537 1835 728 1887; x_wconf 81' lang='grc' dir='ltr'>Θρήϊκες</span> <span class='ocrx_word' id='word_1_218' title='bbox 756 1836 960 1887; x_wconf 89' lang='grc' dir='ltr'>λέγουσι,</span> <span class='ocrx_word' id='word_1_219' title='bbox 990 1836 1158 1887; x_wconf 88' lang='grc' dir='ltr'>μέλισσαι</span> <span class='ocrx_word' id='word_1_220' title='bbox 1185 1837 1384 1888; x_wconf 88' lang='grc' dir='ltr'>κατέχουσι</span> <span class='ocrx_word' id='word_1_221' title='bbox 1412 1838 1460 1875; x_wconf 86' lang='grc' dir='ltr'>τὰ</span> <span class='ocrx_word' id='word_1_222' title='bbox 1488 1838 1621 1890; x_wconf 90' lang='grc' dir='ltr'>πέρην</span> 
     </span>
     <span class='ocr_line' id='line_1_27' title="bbox 150 1899 1499 1952; baseline 0.001 -15"><span class='ocrx_word' id='word_1_223' title='bbox 150 1902 228 1938; x_wconf 83' lang='grc' dir='ltr'>τοῦ</span> <span class='ocrx_word' id='word_1_224' title='bbox 248 1899 424 1951; x_wconf 88' lang='grc' dir='ltr'>Ἴστρου</span> <span class='ocrx_word' id='word_1_225' title='bbox 453 1900 514 1937; x_wconf 83' lang='grc' dir='ltr'>καὶ</span> <span class='ocrx_word' id='word_1_226' title='bbox 544 1900 611 1937; x_wconf 85' lang='grc' dir='ltr'>ὑπὸ</span> <span class='ocrx_word' id='word_1_227' title='bbox 639 1900 775 1938; x_wconf 86' lang='grc' dir='ltr'>τούτων</span> <span class='ocrx_word' id='word_1_228' title='bbox 804 1899 870 1938; x_wconf 85' lang='grc' dir='ltr'>οὐκ</span> <span class='ocrx_word' id='word_1_229' title='bbox 900 1899 989 1938; x_wconf 82' lang='grc' dir='ltr'>εἶναι</span> <span class='ocrx_word' id='word_1_230' title='bbox 1018 1900 1171 1938; x_wconf 82' lang='grc' dir='ltr'>διελθεῖν</span> <span class='ocrx_word' id='word_1_231' title='bbox 1200 1901 1240 1938; x_wconf 84' lang='grc' dir='ltr'>τὸ</span> <span class='ocrx_word' id='word_1_232' title='bbox 1267 1900 1499 1952; x_wconf 87' lang='grc' dir='ltr'>προσωτέρω.</span> 
     </span>
    </p>
   </div>
   <div class='ocr_carea' id='block_1_9' title="bbox 149 1989 1621 2297">
    <p class='ocr_par' dir='ltr' id='par_1_9' title="bbox 149 1989 1621 2297">
     <span class='ocr_line' id='line_1_28' title="bbox 258 1989 1621 2042; baseline 0.002 -15"><span class='ocrx_word' id='word_1_233' title='bbox 258 1989 320 2028; x_wconf 90' lang='lat' dir='ltr'>IV</span> <span class='ocrx_word' id='word_1_234' title='bbox 344 1991 416 2028; x_wconf 86' lang='lat'>195</span> <span class='ocrx_word' id='word_1_235' title='bbox 452 1990 572 2028; x_wconf 89' lang='lat' dir='ltr'>refert</span> <span class='ocrx_word' id='word_1_236' title='bbox 605 1989 661 2028; x_wconf 88' lang='lat' dir='ltr'>de</span> <span class='ocrx_word' id='word_1_237' title='bbox 690 1990 848 2029; x_wconf 86' lang='lat' dir='ltr'>insula</span> <span class='ocrx_word' id='word_1_238' title='bbox 876 1989 1051 2041; x_wconf 89' lang='lat' dir='ltr'>Cyraui</span> <span class='ocrx_word' id='word_1_239' title='bbox 1080 1990 1136 2028; x_wconf 85' lang='lat' dir='ltr'>ad</span> <span class='ocrx_word' id='word_1_240' title='bbox 1162 1990 1342 2042; x_wconf 88' lang='lat' dir='ltr'>Libyae</span> <span class='ocrx_word' id='word_1_241' title='bbox 1370 1991 1485 2030; x_wconf 89' lang='lat' dir='ltr'>litus</span> <span class='ocrx_word' id='word_1_242' title='bbox 1514 1992 1621 2041; x_wconf 80' lang='lat' dir='ltr'>sita,</span> 
     </span>
     <span class='ocr_line' id='line_1_29' title="bbox 154 2053 1621 2106; baseline 0.002 -14"><span class='ocrx_word' id='word_1_243' title='bbox 154 2053 196 2093; x_wconf 91' lang='lat' dir='ltr'>in</span> <span class='ocrx_word' id='word_1_244' title='bbox 240 2068 319 2105; x_wconf 91' lang='lat' dir='ltr'>qua</span> <span class='ocrx_word' id='word_1_245' title='bbox 362 2053 471 2093; x_wconf 85' lang='lat' dir='ltr'>lacus</span> <span class='ocrx_word' id='word_1_246' title='bbox 514 2053 583 2103; x_wconf 78' lang='lat' dir='ltr'>sit,</span> <span class='ocrx_word' id='word_1_247' title='bbox 627 2067 675 2092; x_wconf 81' lang='lat' dir='ltr'>ex</span> <span class='ocrx_word' id='word_1_248' title='bbox 719 2067 798 2105; x_wconf 90' lang='lat' dir='ltr'>quo</span> <span class='ocrx_word' id='word_1_249' title='bbox 840 2054 991 2093; x_wconf 88' lang='lat' dir='ltr'>incolae</span> <span class='ocrx_word' id='word_1_250' title='bbox 1035 2068 1174 2093; x_wconf 89' lang='lat' dir='ltr'>aurum</span> <span class='ocrx_word' id='word_1_251' title='bbox 1207 2054 1404 2106; x_wconf 88' lang='lat' dir='ltr'>liquidum</span> <span class='ocrx_word' id='word_1_252' title='bbox 1438 2055 1621 2095; x_wconf 84' lang='lat' dir='ltr'>educant.</span> 
     </span>
     <span class='ocr_line' id='line_1_30' title="bbox 155 2116 1620 2171; baseline 0.001 -15"><span class='ocrx_word' id='word_1_253' title='bbox 155 2118 230 2157; x_wconf 90' lang='grc'>193</span> <span class='ocrx_word' id='word_1_254' title='bbox 258 2117 417 2159; x_wconf 74' lang='grc' dir='ltr'>Μαξύων</span> <span class='ocrx_word' id='word_1_255' title='bbox 438 2118 583 2170; x_wconf 86' lang='grc' dir='ltr'>Λιβύων</span> <span class='ocrx_word' id='word_1_256' title='bbox 605 2116 776 2168; x_wconf 87' lang='grc' dir='ltr'>Ζαύηκες</span> <span class='ocrx_word' id='word_1_257' title='bbox 795 2117 952 2169; x_wconf 86' lang='grc' dir='ltr'>ἔχονται.</span> <span class='ocrx_word' id='word_1_258' title='bbox 1012 2120 1086 2156; x_wconf 88' lang='grc'><strong>194</strong></span> <span class='ocrx_word' id='word_1_259' title='bbox 1106 2118 1243 2156; x_wconf 87' lang='grc' dir='ltr'>τούτων</span> <span class='ocrx_word' id='word_1_260' title='bbox 1265 2118 1445 2162; x_wconf 74' lang='grc' dir='ltr'>Γύζαντες</span> <span class='ocrx_word' id='word_1_261' title='bbox 1464 2119 1620 2171; x_wconf 84' lang='grc' dir='ltr'>ἔχονται.</span> 
     </span>
     <span class='ocr_line' id='line_1_31' title="bbox 156 2179 1619 2234; baseline 0.002 -15"><span class='ocrx_word' id='word_1_262' title='bbox 156 2183 228 2221; x_wconf 87' lang='grc'>195</span> <span class='ocrx_word' id='word_1_263' title='bbox 257 2181 375 2220; x_wconf 86' lang='grc' dir='ltr'>κατὰ</span> <span class='ocrx_word' id='word_1_264' title='bbox 404 2181 445 2220; x_wconf 85' lang='grc' dir='ltr'>δὲ</span> <span class='ocrx_word' id='word_1_265' title='bbox 473 2181 662 2223; x_wconf 87' lang='grc' dir='ltr'>τούτους</span> <span class='ocrx_word' id='word_1_266' title='bbox 690 2180 873 2231; x_wconf 86' lang='grc' dir='ltr'>λέγουσι</span> <span class='ocrx_word' id='word_1_267' title='bbox 903 2179 1212 2233; x_wconf 88' lang='grc' dir='ltr'>Καρχηδόνιοι</span> <span class='ocrx_word' id='word_1_268' title='bbox 1239 2181 1391 2221; x_wconf 85' lang='grc' dir='ltr'>κέεσθαι</span> <span class='ocrx_word' id='word_1_269' title='bbox 1419 2187 1526 2234; x_wconf 79' lang='grc' dir='ltr'>νῆσον</span> <span class='ocrx_word' id='word_1_270' title='bbox 1547 2212 1557 2222; x_wconf 91' lang='grc'><strong>.</strong></span> <span class='ocrx_word' id='word_1_271' title='bbox 1579 2213 1587 2222; x_wconf 92' lang='grc'><strong>.</strong></span> <span class='ocrx_word' id='word_1_272' title='bbox 1610 2213 1619 2222; x_wconf 92' lang='grc'><strong>.</strong></span> 
     </span>
     <span class='ocr_line' id='line_1_32' title="bbox 149 2244 1435 2297; baseline 0.001 -15"><span class='ocrx_word' id='word_1_273' title='bbox 149 2247 261 2282; x_wconf 78' lang='grc' dir='ltr'>ταῦτα</span> <span class='ocrx_word' id='word_1_274' title='bbox 290 2244 323 2282; x_wconf 82' lang='grc' dir='ltr'>εἰ</span> <span class='ocrx_word' id='word_1_275' title='bbox 344 2244 409 2295; x_wconf 89' lang='grc' dir='ltr'>μέν</span> <span class='ocrx_word' id='word_1_276' title='bbox 440 2245 516 2282; x_wconf 88' lang='grc' dir='ltr'>ἐστι</span> <span class='ocrx_word' id='word_1_277' title='bbox 543 2244 727 2295; x_wconf 78' lang='grc' dir='ltr'>ἀληθέως,</span> <span class='ocrx_word' id='word_1_278' title='bbox 757 2244 823 2282; x_wconf 83' lang='grc' dir='ltr'>οὐκ</span> <span class='ocrx_word' id='word_1_279' title='bbox 851 2244 945 2290; x_wconf 85' lang='grc' dir='ltr'>οἶδα,</span> <span class='ocrx_word' id='word_1_280' title='bbox 974 2245 1018 2282; x_wconf 85' lang='grc' dir='ltr'>τὰ</span> <span class='ocrx_word' id='word_1_281' title='bbox 1049 2245 1090 2282; x_wconf 85' lang='grc' dir='ltr'>δὲ</span> <span class='ocrx_word' id='word_1_282' title='bbox 1120 2244 1266 2294; x_wconf 86' lang='grc' dir='ltr'>λέγεται</span> <span class='ocrx_word' id='word_1_283' title='bbox 1294 2247 1435 2297; x_wconf 90' lang='grc' dir='ltr'>γράφω.</span> 
     </span>
    </p>
   </div>
   <div class='ocr_carea' id='block_1_10' title="bbox 147 2341 1621 2508">
    <p class='ocr_par' dir='ltr' id='par_1_10' title="bbox 147 2341 1621 2508">
     <span class='ocr_line' id='line_1_33' title="bbox 257 2341 1621 2382; baseline 0.001 -1"><span class='ocrx_word' id='word_1_284' title='bbox 257 2342 321 2381; x_wconf 83' lang='lat' dir='ltr'>Ita</span> <span class='ocrx_word' id='word_1_285' title='bbox 353 2341 472 2381; x_wconf 83' lang='lat' dir='ltr'>miras</span> <span class='ocrx_word' id='word_1_286' title='bbox 500 2356 572 2381; x_wconf 87' lang='lat' dir='ltr'>res</span> <span class='ocrx_word' id='word_1_287' title='bbox 601 2341 795 2381; x_wconf 89' lang='lat' dir='ltr'>Indicas</span> <span class='ocrx_word' id='word_1_288' title='bbox 823 2355 1045 2381; x_wconf 80' lang='lat' dir='ltr'>memorans</span> <span class='ocrx_word' id='word_1_289' title='bbox 1074 2341 1171 2382; x_wconf 84' lang='lat' dir='ltr'>alias</span> <span class='ocrx_word' id='word_1_290' title='bbox 1200 2342 1241 2381; x_wconf 91' lang='lat' dir='ltr'>in</span> <span class='ocrx_word' id='word_1_291' title='bbox 1269 2343 1495 2382; x_wconf 87' lang='lat' dir='ltr'>universum</span> <span class='ocrx_word' id='word_1_292' title='bbox 1524 2343 1621 2382; x_wconf 86' lang='lat' dir='ltr'>dicit</span> 
     </span>
     <span class='ocr_line' id='line_1_34' title="bbox 155 2404 1618 2455; baseline 0 -11"><span class='ocrx_word' id='word_1_293' title='bbox 155 2405 406 2453; x_wconf 75' lang='lat' dir='ltr'>»narrari«,</span> <span class='ocrx_word' id='word_1_294' title='bbox 441 2404 536 2443; x_wconf 83' lang='lat' dir='ltr'>alias</span> <span class='ocrx_word' id='word_1_295' title='bbox 580 2419 624 2443; x_wconf 80' lang='lat' dir='ltr'>»a</span> <span class='ocrx_word' id='word_1_296' title='bbox 651 2405 810 2443; x_wconf 85' lang='lat' dir='ltr'>Persis</span> <span class='ocrx_word' id='word_1_297' title='bbox 839 2404 1064 2454; x_wconf 79' lang='lat' dir='ltr'>narrari«,</span> <span class='ocrx_word' id='word_1_298' title='bbox 1093 2418 1210 2455; x_wconf 88' lang='lat' dir='ltr'>quos,</span> <span class='ocrx_word' id='word_1_299' title='bbox 1245 2411 1290 2443; x_wconf 87' lang='lat' dir='ltr'>ut</span> <span class='ocrx_word' id='word_1_300' title='bbox 1315 2405 1427 2444; x_wconf 87' lang='lat' dir='ltr'>Indis</span> <span class='ocrx_word' id='word_1_301' title='bbox 1456 2406 1618 2455; x_wconf 69' lang='lat' dir='ltr'>vicinos,</span> 
     </span>
     <span class='ocr_line' id='line_1_35' title="bbox 147 2466 1290 2508; baseline -0.001 0"><span class='ocrx_word' id='word_1_302' title='bbox 147 2482 278 2508; x_wconf 86' lang='lat' dir='ltr'>rerum</span> <span class='ocrx_word' id='word_1_303' title='bbox 305 2466 532 2507; x_wconf 88' lang='lat' dir='ltr'>Indicarum</span> <span class='ocrx_word' id='word_1_304' title='bbox 560 2473 741 2508; x_wconf 83' lang='lat' dir='ltr'>auctores</span> <span class='ocrx_word' id='word_1_305' title='bbox 769 2481 855 2507; x_wconf 83' lang='lat' dir='ltr'>esse</span> <span class='ocrx_word' id='word_1_306' title='bbox 883 2472 1193 2507; x_wconf 84' lang='lat' dir='ltr'>consentaneum</span> <span class='ocrx_word' id='word_1_307' title='bbox 1221 2467 1290 2508; x_wconf 84' lang='lat' dir='ltr'>sit:</span> 
     </span>
    </p>
   </div>
   <div class='ocr_carea' id='block_1_11' title="bbox 150 2545 1619 2662">
    <p class='ocr_par' dir='ltr' id='par_1_11' title="bbox 150 2545 1619 2662">
     <span class='ocr_line' id='line_1_36' title="bbox 255 2545 1619 2598; baseline 0.001 -13"><span class='ocrx_word' id='word_1_308' title='bbox 255 2546 323 2585; x_wconf 92' lang='lat' dir='ltr'>III</span> <span class='ocrx_word' id='word_1_309' title='bbox 351 2547 401 2585; x_wconf 88' lang='grc'>99</span> <span class='ocrx_word' id='word_1_310' title='bbox 443 2545 548 2584; x_wconf 80' lang='grc' dir='ltr'>ἄλλοι</span> <span class='ocrx_word' id='word_1_311' title='bbox 589 2548 658 2584; x_wconf 88' lang='grc' dir='ltr'>τῶν</span> <span class='ocrx_word' id='word_1_312' title='bbox 684 2546 806 2585; x_wconf 85' lang='grc' dir='ltr'>Ἰνδῶν</span> <span class='ocrx_word' id='word_1_313' title='bbox 848 2549 964 2598; x_wconf 86' lang='grc' dir='ltr'>κρεῶν</span> <span class='ocrx_word' id='word_1_314' title='bbox 1000 2546 1146 2585; x_wconf 85' lang='grc' dir='ltr'>ἐδεσταὶ</span> <span class='ocrx_word' id='word_1_315' title='bbox 1179 2548 1308 2598; x_wconf 87' lang='grc' dir='ltr'>ὠμῶν,</span> <span class='ocrx_word' id='word_1_316' title='bbox 1350 2547 1543 2585; x_wconf 89' lang='grc' dir='ltr'>καλέονται</span> <span class='ocrx_word' id='word_1_317' title='bbox 1578 2548 1619 2586; x_wconf 83' lang='grc' dir='ltr'>δὲ</span> 
     </span>
     <span class='ocr_line' id='line_1_37' title="bbox 150 2609 1617 2662; baseline 0.001 -14"><span class='ocrx_word' id='word_1_318' title='bbox 150 2609 317 2648; x_wconf 86' lang='grc' dir='ltr'>Παδαῖοι.</span> <span class='ocrx_word' id='word_1_319' title='bbox 363 2610 542 2661; x_wconf 89' lang='grc' dir='ltr'>νομαίοισι</span> <span class='ocrx_word' id='word_1_320' title='bbox 570 2610 611 2648; x_wconf 84' lang='grc' dir='ltr'>δὲ</span> <span class='ocrx_word' id='word_1_321' title='bbox 646 2610 812 2649; x_wconf 90' lang='grc' dir='ltr'>τοιοισίδε</span> <span class='ocrx_word' id='word_1_322' title='bbox 841 2609 1054 2661; x_wconf 85' lang='grc' dir='ltr'>λέγονται</span> <span class='ocrx_word' id='word_1_323' title='bbox 1086 2611 1245 2662; x_wconf 83' lang='grc' dir='ltr'>χρᾶσθαι</span> <span class='ocrx_word' id='word_1_324' title='bbox 1264 2639 1273 2648; x_wconf 93' lang='grc'><strong>.</strong></span> <span class='ocrx_word' id='word_1_325' title='bbox 1295 2638 1304 2648; x_wconf 89' lang='grc'><em>.</em></span> <span class='ocrx_word' id='word_1_326' title='bbox 1325 2641 1334 2649; x_wconf 92' lang='grc'><strong>.</strong></span> <span class='ocrx_word' id='word_1_327' title='bbox 1385 2612 1459 2650; x_wconf 82' lang='grc'><strong>104</strong></span> <span class='ocrx_word' id='word_1_328' title='bbox 1494 2614 1617 2650; x_wconf 82' lang='grc' dir='ltr'>τοῦτον</span> 
     </span>
    </p>
   </div>
  </div>
 </body>
</html>
