1844 2898
810 93 1078 132 -66-

198 200 347 239 tionem
375 199 418 238 in
445 199 636 238 continua
662 213 797 238 earum
825 199 989 238 historia
1015 213 1039 237 a
1065 198 1266 250 prioribus
1293 198 1493 239 historicis
1515 198 1675 240 condita

198 268 382 316 poneret,
406 277 471 313 ea,
499 276 603 315 quae
631 263 681 303 ab
709 262 935 303 hominibus
962 263 1060 315 ipsis
1091 262 1261 313 audivit,
1290 277 1363 303 suo
1394 262 1571 316 quidque
1588 263 1675 303 loco

198 327 427 366 inseruisse.
484 326 599 366 Haec
626 332 759 366 autem
787 327 1028 378 paucissima
1060 327 1182 366 fuisse
1211 341 1381 378 eumque
1409 322 1500 366 raro
1527 333 1567 366 et
1593 327 1675 366 for-

197 390 301 429 tuito
328 390 442 440 tales,
471 390 541 441 qui
569 390 688 429 rebus
707 390 785 429 illis
803 389 989 443 gerendis
1008 389 1270 429 interfuerant
1287 395 1357 429 aut
1375 389 1424 429 de
1443 389 1492 430 iis
1516 403 1674 429 narrare

197 459 397 505 poterant,
426 454 673 503 convenisse,
703 454 759 492 ita
786 459 844 503 ut,
873 453 990 505 plane
1019 454 1135 493 sicuti
1154 453 1368 493 hodiernae
1392 454 1533 493 aetatis
1551 453 1674 492 histo-

198 517 289 567 rici,
317 516 454 556 dedita
481 531 618 569 opera,
653 516 767 568 quasi
795 531 858 556 res
885 516 1120 570 gravissima
1147 522 1269 567 esset,
1303 516 1352 556 de
1379 517 1449 556 tali
1477 516 1675 568 colloquio

197 580 366 619 lectores
394 580 594 630 edoceret,
628 594 677 618 ex
710 581 834 619 altero
862 580 969 630 loco,
997 580 1067 619 ubi
1095 580 1266 619 Archiae
1295 580 1537 620 mentionem
1565 580 1673 629 facit,

197 643 418 682 luculenter
446 643 555 683 cerni
582 648 726 696 potest.

305 750 460 800 Restat,
487 756 533 789 ut
560 765 628 790 eos
655 752 763 790 locos
790 750 1012 800 videamus,
1046 751 1116 789 ubi
1143 751 1184 790 in
1212 751 1440 791 universum
1473 751 1672 802 quandam

199 828 282 853 rem
317 828 364 853 se
401 814 641 854 audivisse
674 814 906 854 Herodotus
944 814 1053 853 dicit.
1114 813 1208 853 Non
1250 814 1434 854 omnibus
1474 814 1673 854 huismodi

196 878 293 915 locis
322 891 371 915 ex
405 892 472 915 ore
505 878 709 916 hominum
742 878 828 929 ipse
862 878 1062 928 accepisse
1097 878 1298 929 putandus
1331 883 1407 927 est,
1449 878 1519 916 sed
1551 878 1671 916 verbo

196 941 337 979 ἀκούειν
367 955 464 980 usus
493 940 608 980 etiam
639 941 681 980 in
708 941 939 980 universum
967 940 1183 993 significat,
1212 941 1378 980 aliorum
1407 942 1671 982 narrationem

196 1018 238 1043 se
267 1004 393 1055 sequi,
422 1004 530 1055 quod
558 1019 607 1043 ex
636 1004 697 1044 his
726 1005 823 1044 locis
852 1010 1033 1057 apparet:

302 1095 368 1133 III
396 1097 467 1133 115
508 1096 652 1138 οὐδενὸς
686 1096 875 1135 αὐτόπτεω
909 1097 1099 1147 γενομένου
1135 1097 1322 1146 δύναμαι
1355 1097 1536 1135 ἀκοῦσαι
1569 1101 1668 1135 τοῦτο

133 1153 137 1157 ’
195 1158 399 1208 μελετέων,
438 1159 535 1200 ὅκως
567 1160 737 1199 θάλασσά
771 1160 846 1198 ἐστι
874 1160 917 1198 τὰ
947 1159 1115 1198 ἐπέκεινα
1142 1162 1207 1210 τῆς
1234 1158 1433 1210 Εὐρώπης;
1469 1159 1517 1198 cf.
1539 1159 1601 1199 IV
1621 1162 1669 1206 16

194 1224 258 1271 τῆς
286 1224 353 1271 γῆς
381 1224 445 1271 τῆς
472 1221 554 1273 πέρι
583 1222 645 1260 ὅδε
676 1223 695 1260 ὁ
724 1222 836 1272 λόγος
865 1224 1031 1274 ὥρμηται
1051 1222 1224 1272 λέγεσθαι
1251 1221 1319 1272 (de
1339 1220 1522 1273 Scythia)
1551 1223 1671 1264 οὐδεὶς

193 1283 270 1322 οἶδε
305 1284 505 1336 ἀτρεκέως,
549 1285 569 1324 ὅ
602 1301 634 1324 τι
666 1286 872 1338 κατύπερθε
908 1287 996 1325 ἐστι.
1052 1285 1230 1327 οὐδενὸς
1263 1285 1330 1337 γὰρ
1364 1286 1410 1336 δὴ
1445 1286 1670 1324 αὐτόπτεω

194 1347 360 1385 εἰδέναι
388 1348 583 1400 φαμένου
614 1350 801 1400 δύναμαι
829 1349 1061 1387 πυθέσθαι.
1104 1349 1302 1400 οὐδὲγὰρ
1322 1348 1670 1401 οὐδὲἈριστέης

192 1410 295 1448 οὐδὲ
324 1410 451 1452 οὖτος
477 1424 699 1463 προσωτερω
724 1412 942 1463 Ἰσσηδόνων
973 1411 1111 1464 ἔφησε
1140 1412 1348 1461 ἀπικέσθαι,
1376 1412 1469 1450 ἀλλὰ
1498 1413 1542 1451 τὰ
1561 1413 1668 1451 κατύ-

191 1474 306 1525 περθε
335 1472 442 1524 ἔλεγε
469 1475 578 1526 ἀκοῃ.

302 1559 342 1592 et
369 1555 539 1593 maxime
568 1569 616 1593 ex
645 1555 721 1594 hoc
748 1556 856 1594 loco:

302 1616 323 1654 I
348 1616 422 1655 123
451 1623 585 1656 narrat
603 1617 840 1671 Harpagum
870 1632 1027 1658 servum
1057 1632 1147 1657 cum
1167 1619 1314 1670 lepore,
1343 1619 1384 1657 in
1405 1618 1519 1658 cuius
1539 1619 1670 1657 alvum

193 1680 404 1731 epistulam
433 1681 626 1731 insuerat,
669 1681 719 1720 ad
748 1681 898 1733 Cyrum
928 1682 1100 1731 misisse,
1138 1682 1202 1720 cui
1239 1682 1408 1730 diceret,
1446 1696 1518 1720 sua
1545 1682 1670 1732 ipsius

193 1756 313 1781 manu
332 1743 503 1795 aperiret
530 1758 678 1795 neque
707 1745 962 1797 quisquam
990 1745 1086 1797 ipsi
1114 1744 1204 1783 hoc
1231 1744 1434 1783 facienti
1459 1744 1669 1783 adesset:

197 1807 272 1845 124
306 1808 325 1844 ὁ
353 1806 475 1858 Κῦρος
501 1810 724 1860 παραλαβὼν
753 1810 813 1848 τὸν
843 1811 953 1859 λαγὸν
983 1809 1168 1860 ἀνέσχισε.
1216 1810 1331 1860 εὑρὼν
1362 1810 1403 1847 δὲ
1433 1809 1470 1847 ἐν
1502 1808 1600 1859 αὐτῷ
1629 1809 1669 1846 τὸ

194 1869 362 1921 βιβλίον
398 1869 498 1908 ἐνεὸν
533 1871 655 1923 λαβὼν
692 1871 941 1922 ἐπελέγετο.
998 1871 1048 1909 τὰ
1082 1872 1123 1909 δὲ
1157 1871 1386 1923 γράμματα
1420 1869 1548 1921 ἔλεγε
1582 1871 1670 1909 τάδε

193 1961 456 1971 .........
489 1934 565 1973 125
595 1934 789 1978 ἀκούσας
816 1939 929 1975 ταῦτα
959 1935 978 1973 ὁ
1007 1933 1129 1987 Κῦρος
1155 1950 1190 1973 κ.
1206 1949 1237 1973 τ.
1254 1937 1287 1973 λ.

300 2024 388 2065 Nec
416 2026 548 2067 minus
576 2027 638 2067 his
670 2026 768 2066 locis
802 2025 1055 2065 manifestum
1089 2030 1150 2064 est
1183 2038 1263 2064 non
1300 2023 1341 2063 id
1375 2024 1507 2076 ipsum
1540 2023 1671 2063 dicere

193 2089 458 2142 Herodotum,
487 2105 535 2132 se
564 2091 815 2131 audivisse
844 2090 942 2130 alios
972 2093 1195 2129 narrantes:

298 2180 343 2219 II
359 2182 410 2220 99
431 2180 652 2232 Αἰγυπτίους
670 2180 826 2233 ἔρχομαι
845 2179 979 2231 λόγους
994 2179 1108 2232 ἐρέων
1127 2179 1220 2218 κατὰ
1239 2178 1413 2230 ἤκουον.
1443 2191 1480 2217 V.
1495 2191 1534 2230 p.
1545 2179 1597 2216 45
1610 2191 1669 2230 sq.

299 2261 363 2301 IV
379 2264 429 2301 77
457 2262 575 2301 καίτοι
602 2261 679 2301 τινὰ
706 2261 778 2314 ἤδη
809 2261 977 2313 ἥκουσα
1005 2260 1113 2311 λόγον
1142 2259 1252 2299 ἄλλον
1278 2260 1347 2299 ὑπὸ
1368 2258 1670 2311 Πελοποννησίων

190 2325 404 2375 λεγόμενον.
459 2340 497 2364 v.
517 2339 557 2376 p.
579 2326 630 2365 35
651 2338 710 2376 sq.

298 2405 320 2445 I
344 2407 416 2444 171
448 2405 572 2458 Κᾶρες
598 2406 640 2444 τὸ
667 2405 820 2445 παλαιὸν
851 2404 975 2447 ἐόντες
994 2402 1098 2443 Μίνω
1125 2403 1301 2455 κατήκοοι
1319 2402 1418 2455 εἶχον
1439 2402 1503 2446 τὰς
1520 2404 1668 2455 νήσους,

191 2469 303 2522 φόρον
351 2471 416 2521 μὲν
458 2470 593 2509 οὐδένα
634 2470 909 2515 ὑποτελέοντες,
954 2469 1037 2507 ὅσον
1081 2469 1143 2507 καὶ
1184 2468 1259 2518 ἐγὼ
1301 2467 1455 2510 δυνατός
1498 2467 1571 2518 εἰμι
1614 2466 1671 2505 ἐπὶ

191 2533 417 2586 μακρότατον
461 2533 646 2576 ἐξικέσθαι
688 2533 784 2584 ἀκοῇ
810 2561 1042 2574 ........
1074 2531 1168 2571 κατὰ
1210 2532 1275 2583 μὲν
1318 2532 1364 2582 δὴ
1405 2529 1533 2583 Κᾶρας
1575 2530 1671 2569 οὕτω

190 2595 360 2648 Κρῆτες
387 2596 567 2647 λέγουσι
594 2596 780 2647 γενέσθαι.
837 2610 874 2634 v.
895 2610 934 2647 p.
956 2596 1021 2635 36.
