1844 2898
820 73 1059 112 -4-2.

202 181 589 232 Uycicenisque,
618 195 641 219 a
661 179 875 218 Graecis
902 180 984 230 qui
1006 180 1209 219 Pontum
1239 185 1283 218 et
1303 179 1677 231 Hellespontum

201 244 448 293 habitent,
479 258 527 283 se
556 243 810 283 audivisse
839 243 963 283 dicit
990 243 1029 294 (Ι
1050 244 1101 282 20
1130 242 1313 295 Δελφῶν
1343 241 1448 281 οἶδα
1477 243 1552 292 ἐγὼ
1580 243 1676 281 οὕτω

200 308 399 349 ἀκούσας
428 307 613 356 γενέσθαι.
662 307 723 346 IV
748 309 796 346 14
826 308 885 345 τὸν
907 308 988 357 περὶ
1007 307 1119 345 αὐτοῦ
1146 306 1310 356 ἤκουον
1339 305 1474 355 λόγον
1503 307 1544 344 ἐν
1565 305 1676 357 Προ-

199 371 406 421 κοννήσῳ
448 371 523 408 καὶ
566 369 601 409 Κ
617 370 770 421 υζίκῳ.
845 368 908 423 ΠῙ
938 371 989 408 95
1031 372 1081 410 ὡς
1124 369 1198 418 ἐγὼ
1238 369 1464 419 πυνθάνομαι
1505 370 1574 406 τῶν
1616 369 1675 406 τὸν

192 432 465 483 “Ελλήσποντον
503 432 696 472 οἰκεόντων
721 432 909 483 Ἑλλήνων
949 434 1010 471 καὶ
1042 432 1216 482 Ι]ὀντὸν);
1253 437 1337 470 tum
1372 430 1414 470 in
1448 431 1676 471 universum

199 510 249 535 se
277 496 532 534 audivisse
561 501 645 534 aut
673 496 946 547 comperire
982 495 1156 546 (ἤκουσα,
1185 495 1383 545 πέπυσμαι,
1411 496 1674 545 πυνθάνομαι);

202 558 346 598 deinde
366 559 406 597 in
427 547 656 597 universum
673 556 897 598 Graecos
927 559 1199 609 multasque
1219 558 1450 597 civitates
1464 556 1674 597 Graecas

198 627 475 673 gentesque
518 621 777 670 barbaras,
825 622 918 659 item
963 621 1226 665 nonnullos
1269 620 1504 669 Graecos,
1554 634 1674 659 non—

198 684 360 724 nullos
390 684 592 734 Persas,
629 684 670 723 in
706 684 935 723 universum
966 684 1231 724 nonnullos
1260 683 1449 735 aliquid
1478 697 1673 722 narrare

196 746 399 797 (Έλληνες
427 748 479 796 (οἱ
503 746 581 797 Ἑ.)
609 747 770 796 λέγουσι,
803 747 988 796 Ἀθηναῖοι
1016 747 1088 796 (Ἀ.
1119 748 1239 796 αὐτοὶ)
1267 748 1428 796 λέγουσι,
1459 746 1598 798 Πέρσαι
1626 750 1672 789 A..

198 810 432 861 μετεξέτεροί
471 823 560 861 φασι
594 810 601 824 ‘
614 808 784 860 Ελλήνων
797 838 807 854 ,
851 809 1004 859 λέγουσι’
1040 824 1131 851 τινες
1159 810 1167 823 ‘
1179 808 1372 860 Ελλήνων,
1415 812 1465 852 ὡς
1500 809 1672 861 Περσέων

198 873 423 924 μετεξέτεροι
444 873 605 923 λέγουσι,
636 874 671 910 οἱ
690 874 756 923 μὲν
777 874 821 923 δή
842 888 934 915 τινες
954 873 1114 922 λέγουσι,
1145 874 1212 911 εἰσὶ
1232 874 1273 911 οἵ
1286 873 1471 923 λέγουσι);
1501 873 1672 924 denique

197 937 236 975 in
274 937 502 976 universum
540 937 728 988 aliquid
763 937 955 975 narrari
997 936 1181 986 (λέγεται,
1219 937 1388 986 λέγουσι,
1418 938 1525 988 φασὶ)
1563 936 1669 975 dicit.

196 999 264 1037 Ex
301 1000 374 1039 his
410 1000 536 1038 loeis
574 1014 628 1037 ex
662 1000 846 1049 quibus
884 1000 1109 1038 fontibus
1147 1000 1390 1038 Herodoti
1433 1000 1671 1038 historias

196 1063 408 1102 fluxisse
444 1062 715 1114 putandum
754 1062 854 1102 est?
909 1064 1002 1115 Ipse
1039 1063 1089 1102 ad
1118 1064 1329 1115 scriptores
1359 1068 1564 1115 provocat:
1602 1063 1671 1113 qui

196 1126 318 1176 igitur
346 1126 450 1173 licet,
481 1126 594 1175 quasi
625 1140 687 1164 res
716 1131 983 1164 consentanea
1011 1127 1074 1174 sit,
1103 1126 1152 1164 ab
1182 1126 1293 1164 initio
1323 1140 1496 1175 sumere,
1526 1128 1670 1175 omnia,

195 1203 297 1240 quae
332 1194 482 1238 narrat,
519 1203 565 1228 ea
602 1203 650 1227 ex
686 1188 888 1227 hominum
927 1203 993 1228 ore
1023 1188 1273 1228 Herodotum
1309 1188 1534 1241 accepisse?
1590 1188 1670 1229 Sed

195 1254 313 1292 etiam
344 1268 391 1291 ex
412 1254 486 1292 hoc
507 1254 613 1292 fonte
635 1254 772 1301 multa,
801 1268 902 1303 quae
923 1253 1029 1304 apud
1052 1253 1299 1291 Herodotum
1320 1254 1501 1305 legimus,
1531 1254 1671 1293 hausta

193 1330 279 1355 esse
307 1316 507 1362 videmus3
537 1317 605 1367 qui
634 1316 756 1367 igitur
785 1316 1044 1355 demonstrari
1076 1321 1227 1367 potest,
1256 1316 1381 1367 ipsius
1410 1316 1668 1365 Hecataei,

193 1380 409 1429 Xanthi,
449 1379 712 1429 Charonis,
748 1379 1000 1418 Hellanici
1037 1379 1147 1418 libris
1182 1394 1253 1431 pro
1290 1380 1398 1418 fonte
1434 1394 1523 1419 eum
1552 1395 1668 1419 usum

194 1457 292 1492 esse,
322 1457 424 1491 (mm,
454 1457 555 1493 quae
586 1442 635 1480 ad
665 1442 736 1481 hos
766 1443 978 1493 scriptores
1008 1443 1252 1491 referuntur,
1292 1442 1400 1480 haec.
1417 1442 1555 1481 eodem
1585 1445 1668 1482 iure

191 1507 232 1544 in
262 1505 469 1548 itineribus
499 1519 587 1543 eum
615 1504 813 1543 audivisse
835 1505 912 1542 dici
934 1505 1057 1556 possit
1078 1511 1195 1556 atque
1219 1505 1283 1543 vix
1303 1519 1429 1556 pauca
1447 1506 1667 1558 fragmenta

193 1569 409 1618 eademque
440 1582 518 1606 non
548 1568 681 1606 onmia
706 1581 795 1606 cum
816 1568 912 1606 locis
934 1567 1171 1606 Herodoteis
1192 1568 1481 1606 consentientia
1500 1575 1667 1617 exstent,

192 1633 246 1672 ita
282 1637 325 1671 ut
354 1632 532 1671 nonnulli
569 1647 617 1670 ex
648 1632 733 1683 ipsa
761 1632 937 1681 illorum,
972 1646 1091 1683 quam
1121 1647 1209 1670 cum
1241 1631 1446 1671 Herodoto
1475 1633 1667 1682 fecerunt,

193 1697 489 1746 comparatione
528 1690 816 1743 concluserint,
859 1695 965 1733 hunc
1000 1710 1135 1733 eorum
1171 1696 1318 1745 scripta
1352 1702 1554 1746 comperta
1587 1710 1666 1734 non

193 1757 378 1797 habuisse
406 1757 689 1806 (DAHLMANN,
719 1771 757 1808 p.
784 1757 857 1794 112
874 1770 952 1807 sq.;
982 1756 1104 1804 BAss,
1139 1756 1306 1796 Herodot
1331 1758 1413 1795 und
1433 1757 1665 1806 Hellanicus,

196 1820 326 1860 &Vielr
365 1820 480 1859 Stud.
519 1821 538 1858 I
589 1819 720 1870 1879).
791 1822 1010 1870 Apparet
1054 1819 1096 1858 id
1140 1821 1294 1858 solum
1338 1821 1666 1870 quaerendum

193 1884 341 1922 nobis
389 1898 492 1923 esse
509 1913 519 1932 ,
580 1897 688 1922 num
736 1898 793 1922 ex
842 1883 1140 1934 scriptorum
1188 1882 1332 1921 libris
1380 1882 1666 1922 Herodotus

189 1962 311 1998 quae
347 1953 511 1986 narrat
549 1947 833 1998 sumpserit,
871 1946 1066 1997 numquid
1103 1946 1297 1986 eiusmodi
1334 1946 1440 1998 apud
1476 1962 1564 1986 eum
1602 1948 1665 1997 sit,

190 2011 299 2061 quod
328 2025 418 2048 eum
448 2025 495 2048 ex
526 2010 728 2049 hominum
759 2024 826 2048 ore
856 2010 986 2061 ipsum
1016 2010 1213 2049 audivisse
1234 2010 1400 2061 cogitari
1420 2010 1528 2049 nullo
1547 2011 1665 2049 modo

189 2074 325 2124 possit.
370 2073 460 2112 Hoc
480 2074 513 2112 si
534 2074 775 2124 quaerimus,
795 2074 1047 2125 pleraque,
1074 2088 1191 2124 quae
1212 2073 1339 2124 apud
1359 2073 1664 2113 Herodotum

187 2137 439 2188 leguntur,
483 2152 572 2176 non
616 2152 673 2175 ex
715 2138 824 2175 viva
866 2137 1109 2175 hominum
1151 2137 1443 2185 traditione,
1487 2136 1568 2176 sed
1610 2151 1665 2175 ex

187 2200 538 2239 historicorum
581 2201 726 2240 libris
762 2200 977 2239 fluxisse
1020 2200 1333 2239 statuendum
1378 2200 1517 2239 nobis
1559 2200 1662 2240 erit.

187 2264 290 2302 Nam
321 2264 369 2302 de
398 2271 591 2303 terrarum
623 2270 873 2303 externarum
904 2264 1077 2314 quidem,
1108 2265 1148 2302 iu
1174 2278 1272 2314 quas
1292 2264 1377 2315 ipse
1396 2265 1539 2303 itinera
1557 2264 1664 2313 fecit,

185 2332 327 2366 natura
359 2334 396 2365 et
427 2327 475 2365 de
504 2328 684 2379 gentium
714 2327 870 2365 illarum
901 2327 1075 2367 moribus
1104 2341 1205 2377 quae
1234 2327 1376 2376 refert,
1413 2327 1467 2365 ibi
1482 2341 1587 2366 ·eum
1616 2341 1664 2365 ex

185 2390 424 2440 quibusdam
462 2390 689 2430 hominibus
719 2391 979 2441 exquisivisse
1008 2397 1318 2430 consentaneum
1348 2397 1417 2429 est.
1477 2389 1556 2429 Sed
1586 2405 1662 2428 re—

184 2467 287 2491 rum
336 2459 590 2504 gestarum
639 2454 918 2501 historiam,
972 2467 1071 2491 cum
1121 2454 1411 2492 Herodotus
1459 2468 1571 2502 non,
1620 2459 1664 2491 ut

184 2515 460 2567 Thucydides,
492 2530 562 2565 ea,
592 2530 712 2566 quae
742 2531 832 2555 sua
860 2522 1017 2555 aetate
1046 2522 1183 2568 gesta
1210 2523 1344 2565 sunt,
1373 2516 1663 2568 posteritati

182 2578 475 2628 tradiderit,
504 2577 575 2618 sed
604 2593 666 2618 res
686 2580 936 2629 novissimae,
965 2593 1064 2630 quas
1083 2580 1269 2629 narravit,
1296 2586 1432 2631 gestae
1452 2580 1544 2629 sint,
1572 2592 1663 2618 cum
