1844 2898
756 90 1021 129 ..67-

259 166 490 235 Invenimue
518 200 651 234 autem
679 195 756 235 tale
784 194 928 247 ἤκουσα
954 199 995 237 et
1022 195 1175 235 similia'
1191 202 1396 248 praeterea
1424 196 1485 235 his
1505 197 1619 236 loeis:

258 258 303 298 II
318 259 342 299 8
375 263 421 310 τῇ
454 259 496 298 δὲ
532 258 620 298 αὐτὸ
662 260 801 298 ἑωυτοῦ
844 259 920 298 ἐστὶ
961 258 1186 312 μακρότατον
1219 260 1322 313 (agit
1361 260 1410 299 de
1444 260 1621 314 Aegypti

151 322 329 373 finibus),
358 325 409 364 ὡς
436 323 510 373 ἐγὼ
540 322 862 374 ἐπυνθανόμην,
891 324 957 362 δύο
987 326 1110 375 μηνῶν
1139 323 1227 362 αὐτὸ
1256 323 1346 362 εἶναι
1374 327 1438 374 τῆς
1467 325 1565 363 ὁδοῦ.

258 411 375 453 1118
405 411 599 465 μαρτυρέει
636 427 698 464 μοι
729 414 776 464 τῇ
815 413 944 465 γνώμῃ
984 414 1047 452 καὶ
1086 413 1127 451 τὸ
1159 411 1362 465 Ἀμμωνος
1401 416 1619 466 χρηστήριον

152 475 363 528 γενόμενον,
404 477 445 515 τὸ
488 476 563 526 ἐγὼ
603 479 667 527 τῆς
709 476 899 528 ἐμεωυτοῦ
941 477 1090 528 γνώμης
1131 477 1277 529 ὕστερον
1318 477 1400 529 περὶ
1433 476 1618 527 Αἰγύπτου

151 538 390 591 ἐπυθόμην.

257 619 325 658 III
350 620 426 658 117
461 618 536 658 ἔστι
564 619 605 658 δὲ
633 619 755 657 πεδίον
785 619 822 657 ἐν
850 620 896 670 τῇ
918 617 1032 671 Ἀσίῃ
1056 620 1375 672 περικεκληιμένον
1404 620 1505 672 οὔρεϊ
1534 622 1619 659 πάν-

150 685 255 723 τοθεν
286 712 621 733 ............
650 685 700 725 ὡς
729 683 804 734 ἐγὼ
831 682 913 721 οἶδα
941 683 1142 726 ἀκούσας.

258 772 320 813 IV
339 774 386 811 16
415 775 479 824 τῆς
511 776 577 823 γῆς
610 773 744 824 ταύτης
776 772 896 815 οὐδεὶς
927 772 1023 819 οἶδε,
1065 773 1119 811 ὅτι
1158 773 1363 825 κατύπερθε
1386 773 1499 822 ἐστὶ,
1540 774 1613 811 ἀλλ’

152 837 235 875 ὅσον
269 837 374 888 ἡμεῖς
401 836 584 888 ἀτρεκέως
612 836 670 874 ἐπὶ
698 834 921 887 μακρότατον
949 836 1020 874 οἶοί
1044 835 1071 874 τ’
1101 834 1306 887 ἐγενόμεθα
1341 837 1450 887 ἀκοῇ
1484 836 1617 879 ἐξικέσ·

151 900 225 950 θαι,
252 901 320 938 πᾶν
349 899 544 951 εἰρήσεται.

257 979 321 1019 IV
335 981 384 1020 81
414 979 554 1030 πλῆθος
574 973 622 1017 ’τὸ
650 978 824 1017 Σκυθέων
852 978 918 1018 οὐκ
950 977 1026 1021 οἷός
1057 993 1096 1017 τε
1130 978 1309 1030 ἐγενόμην
1343 978 1526 1031 ἀτρεκέως
1552 994 1618 1017 πυ-

151 1042 300 1094 θέσθαι,
327 1043 421 1082 ἀλλὰ
449 1041 648 1096 διαφόρους
675 1042 808 1095 λόγους
835 1044 916 1095 περὶ
942 1045 1006 1082 τοῦ
1034 1042 1189 1096 ἀριθμοῦ
1215 1041 1386 1094 ἤκουον.

257 1132 320 1171 IV
338 1133 412 1172 183
441 1133 476 1171 οἱ
501 1133 747 1185 τρωγλοδύται
775 1132 948 1175 Αἰθίοπες
974 1132 1091 1175 πόδας
1118 1133 1280 1184 τάχιστοι
1307 1133 1506 1184 ἀνθρώπων
1531 1134 1619 1171 πάν-

150 1210 220 1234 των
250 1196 332 1245 εἰσὶ,
359 1198 429 1234 τῶν
459 1197 563 1247 ἡμεῖς
590 1195 671 1248 πέρι
699 1195 831 1246 λόγους
858 1196 1156 1248 ἀποφερομένους
1184 1196 1413 1246 ἀκούομεν.

258 1286 320 1325 VI
344 1288 416 1325 117
440 1286 571 1336 refert,
599 1285 697 1337 quid
714 1285 879 1338 Epizelo
898 1285 1133 1325 Atheniensi
1152 1285 1194 1324 in
1212 1299 1349 1337 pugna
1365 1284 1619 1324 Marathonia

150 1349 348 1389 acciderit.
406 1349 523 1401 λέγειν
559 1351 600 1388 δὲ
635 1350 742 1388 αὐτὸν
776 1349 947 1401 ἥκουσα
978 1350 1059 1401 περὶ
1091 1353 1154 1388 τοῦ
1191 1349 1329 1391 πάθεος
1361 1348 1501 1387 τοιόνδε
1541 1349 1618 1387 τινὰ

149 1412 269 1463 λόγον.

257 1492 342 1532 VII
362 1494 411 1532 35
447 1492 586 1545 Ξέρξης
620 1492 772 1531 ἐκέλευε
800 1493 860 1531 τὸν
884 1492 1157 1544 “Ελλήσποντον
1190 1493 1397 1545 τριηκοσίας
1430 1494 1619 1533 ἐπικέσθαι

150 1559 291 1608 μάστιγι
319 1557 461 1608 πληγὰς
488 1558 550 1595 καὶ
576 1559 735 1595 κατεῖναι
764 1557 802 1598 ἐς
829 1557 869 1594 τὸ
897 1556 1056 1606 πέλαγος
1087 1556 1227 1595 πεδέων
1259 1559 1397 1607 ζεῦγος.
1453 1557 1533 1609 ἤδη
1571 1559 1617 1596 δὲ

149 1619 336 1671 ἤκουσα,
365 1622 415 1663 ὡς
442 1621 504 1659 καὶ
532 1619 675 1671 στιγέας
694 1620 769 1671 ἅμα
796 1620 953 1658 τούτοισι
979 1619 1172 1673 ἀπέπεμψε
1202 1620 1380 1663 στίξοντας
1398 1621 1457 1659 τὸν
1479 1620 1618 1672 ιΕλλή-

148 1698 309 1723 σποντον.

255 1764 339 1805 VII
359 1766 412 1804 54
431 1779 489 1816 sq.
518 1769 664 1814 narrat,
692 1778 771 1815 quo
799 1762 916 1803 modo
944 1762 1089 1803 Persae
1117 1762 1424 1816 Hellespontum
1452 1764 1618 1804 transie-

147 1830 238 1867 rint.
301 1829 479 1880 διέβαινον
513 1828 606 1866 κατὰ
640 1828 705 1879 μέν
739 1828 803 1877 τὴν
841 1827 966 1878 ἑτέρην
1005 1829 1074 1864 τῶν
1109 1826 1298 1878 γεφυρέων
1325 1856 1491 1865 ......
1520 1831 1618 1879 πρῶ-

147 1906 202 1931 τοι
227 1892 293 1943 μὲν
314 1921 480 1930 ......
511 1892 569 1929 ἐπὶ
597 1891 638 1929 δὲ
668 1889 777 1932 αὐτός
804 1904 844 1928 τε
873 1888 1013 1941 Ξέρξης
1032 1918 1227 1928 .......
1251 1889 1309 1927 ἐπὶ
1337 1889 1378 1928 δέ
1413 1889 1570 1929 τούτοισι
1598 1891 1617 1928 ὁ

148 1956 258 1999 ἄλλος
292 1956 442 2008 στρατός
463 1985 472 1995 .
494 1986 503 1995 .
526 1985 535 1994 .
557 1985 565 1994 .
585 1956 666 2007 ἤδη
703 1956 749 1993 δὲ
782 1954 952 2005 ἤκουσα
984 1955 1045 1992 καὶ
1078 1954 1226 1993 ὕστατον
1263 1955 1432 2007 διαβῆναι
1465 1954 1619 2006 βασιλέα

126 2034 299 2061 παντων.

254 2101 322 2141 IX
341 2102 393 2142 84
421 2101 578 2144 πολλοὺς
611 2100 653 2139 δέ
681 2114 778 2142 τινας
812 2098 883 2151 ἤδη
918 2099 980 2137 καὶ
1011 2098 1262 2141 παντοδαποὺς
1302 2097 1470 2150 ἤκουσα
1503 2100 1619 2152 θάψαι

146 2165 365 2218 Μαρδόνιον.

253 2245 322 2286 ΙΧ
351 2247 401 2286 85
448 2244 668 2297 Αἰγινητέων
712 2244 788 2283 ἐστὶ
829 2230 958 2282 αὐτόθι
999 2241 1224 2294 καλεόμενος
1264 2242 1396 2295 τάφος,
1438 2243 1497 2281 τὸν
1543 2243 1617 2293 ἐγὼ

147 2310 292 2348 ἀκούω
322 2309 412 2347 δέκα
432 2308 528 2347 ἔτεσι
549 2310 694 2359 ὕστερον
714 2307 806 2358 μετὰ
824 2309 937 2344 ταῦτα
955 2308 1076 2357 χῶσαι
1095 2304 1266 2356 Κλεάδην
1286 2305 1398 2356 ἄνδρα
1417 2306 1616 2345 Πλαταιέα.

253 2400 322 2440 IX
336 2400 386 2439 93
408 2413 467 2450 sq.
496 2397 545 2437 de
573 2398 682 2438 miris
708 2397 800 2437 fatis
818 2396 978 2447 Euenii,
1005 2396 1129 2449 patris
1149 2395 1352 2448 Deiphoni
1379 2395 1493 2446 vatis,
1522 2396 1616 2449 agit.

147 2466 197 2504 95
227 2464 357 2503 τούτου
396 2464 442 2514 δὴ
478 2463 497 2500 ὁ
531 2462 709 2514 Δηΐφονος
748 2462 817 2499 ἐὼν
854 2463 938 2502 παῖς
977 2459 1194 2511 ἐμαντεύετο
1230 2461 1277 2509 τῇ
1311 2464 1471 2510 στρατιῇ.
1529 2459 1555 2511 ἤ
1563 2461 1613 2511 δη

146 2528 193 2567 δὲ
221 2528 294 2567 καὶ
320 2527 421 2567 τόδε
449 2526 640 2578 ἤκουσα,
668 2528 718 2568 ὡς
747 2525 767 2563 ὁ
794 2524 971 2577 Δηϊφονος
999 2522 1222 2577 ἐπιβατεύων
1251 2525 1314 2560 τοῦ
1337 2520 1494 2573 Εὐηνίου
1514 2522 1616 2562 οὐνό-

146 2606 259 2642 ματος
286 2591 511 2643 ἐξελάμβανε
540 2589 599 2627 ἐπὶ
625 2590 689 2639 τὴν
711 2587 878 2627 εΕλλάδα
905 2586 1008 2638 ἔργα,
1036 2586 1102 2625 οὐκ
1132 2587 1201 2623 ἐὼν
1231 2584 1388 2636 Εὐηνίου
1417 2589 1511 2627 παῖς.

1395 2657 1434 2691 5.
