1844 2898
755 114 1020 155 ...83-

255 224 320 264 Ita
360 224 505 265 fabulis
539 224 706 264 Graecis
748 222 956 262 occasione
998 221 1092 260 data
1132 222 1375 271 memoratis,
1417 221 1618 273 plerisque

149 287 248 328 locis
280 287 417 329 dicens
455 288 649 328 »narrari«
683 290 738 337 (v.
759 300 797 338 p.
824 286 892 337 15)
923 290 994 324 aut
1025 283 1224 325 »Graecos
1251 298 1432 324 narrare«
1466 284 1548 336 (IV
1566 285 1618 325 85

151 351 271 391 ἔπλωε
301 352 359 391 ἐπὶ
385 353 449 394 τὰς
468 350 640 393 Κυανέας
657 349 897 401 καλεομένας,
926 349 990 391 τὰς
1012 347 1185 405 πρότερον
1204 348 1387 399 πλαγκτὰς
1397 346 1620 400 ’Ἔλληνές

150 428 259 468 φασι
295 414 405 463 εἶναι;
447 415 637 454 V11189
674 412 819 465 Βορέης
852 412 967 451 κατὰ
1000 412 1074 450 τὸν
1100 410 1330 462 (Ελλήνων
1368 411 1503 462 λόγον
1540 409 1620 463 ἔχει

150 480 304 528 γυναῖκα
326 477 512 528 Ἀττικὴν,
549 476 758 528 Ὠρείθυιαν
797 476 861 526 τὴν
885 473 1125 527 Ἐρεχθέος),
1167 474 1368 513 nonnullis
1401 474 1499 513 locis
1533 487 1619 513 eam

150 540 350 580 civitatem
369 540 564 580 Graecam
594 544 663 578 aut
686 543 845 592 gentem
864 538 1085 589 barbaram,
1114 537 1165 577 ad
1184 552 1302 590 quam
1322 550 1385 577 res
1404 537 1621 590 spectabat,

151 618 310 643 narrare
339 603 456 642 dicit:

258 698 343 737 VII
372 699 423 736 74
471 697 592 736 refert
633 696 886 736 Cleomenem
929 697 1108 736 molitum
1150 711 1236 736 esse
1284 697 1334 735 in
1376 695 1623 736 Arcadico

152 760 333 814 oppido
361 760 578 799 Nonacri
614 774 703 799 cum
732 760 936 799 Arcadum
973 759 1220 812 principibus
1256 766 1393 799 eontra
1419 760 1622 799 Lacedae-

152 826 305 865 monios
325 825 544 864 coniurare.
574 825 611 863 ἐν
631 826 673 864 δὲ
693 825 808 876 ταύτῃ
827 829 872 876 τῇ
890 824 975 863 πόλι
994 824 1182 875 λέγεται
1202 824 1291 863 εἶναι
1313 824 1374 864 ὑπ’
1392 823 1622 876 Ἀρκάδων

152 889 194 928 τὸ
223 888 361 939 Στυγὸς
390 888 500 940 ὕδωρ.

260 982 367 1023 VIII
386 984 435 1023 55
465 981 540 1021 ἔστι
570 982 606 1021 ἐν
631 986 676 1034 τῇ
701 981 875 1034 ἀκροπόλι
894 982 1009 1034 ταύτῃ
1024 980 1230 1035 Ἐρεχθέος
1248 983 1353 1035 νηὸς,
1384 982 1421 1022 ἐν
1441 987 1494 1036 τῷ
1517 982 1621 1035 ἐλαίη

153 1061 193 1086 τε
229 1048 291 1085 καὶ
326 1048 495 1085 θάλασσα
533 1045 601 1091 ἔνι,
637 1046 681 1084 τὰ
717 1045 853 1095 λόγος
887 1046 978 1097 παρ’
1010 1044 1264 1097 Ἀθηναίων
1295 1046 1531 1085 Ποσειδέωνα
1563 1048 1624 1085 καὶ

152 1109 357 1161 Ἀθηναίην
387 1109 573 1161 ἐρίσαντας
600 1109 681 1160 περὶ
708 1111 772 1159 τῆς
799 1109 927 1160 χώρης
955 1108 1132 1161 μαρτύρια
1159 1108 1305 1147 θέσθαι.

260 1203 327 1242 IX
357 1205 407 1242 73
450 1202 661 1254 Ἀθηναίων
704 1204 848 1254 λέγεται
884 1203 1121 1255 εὐδοκιμῆσαι
1154 1204 1335 1256 Σωφάνης
1369 1204 1625 1254 Δεκελειῆθεν,

154 1266 343 1306 Δεκελέων
372 1269 443 1305 τῶν
471 1267 555 1306 κοτὲ
586 1266 843 1318 ἐργασαμένων
874 1265 976 1319 ἔργον
1006 1268 1184 1319 χρήσιμον
1212 1267 1250 1309 ἐς
1268 1267 1327 1306 τὸν
1347 1268 1462 1306 πάντα
1480 1266 1625 1319 χρόνον,

156 1333 213 1372 ὡς
241 1330 370 1368 αὐτοὶ
391 1329 636 1380 Ἀθηναῖοι
664 1330 863 1379 λέγουσι.
920 1332 970 1371 ὡς
998 1330 1066 1381 γὰρ
1095 1331 1139 1380 δὴ
1169 1331 1210 1368 τὸ
1235 1331 1346 1368 πάλαι
1365 1329 1629 1382 κατὰῚ-Ξλένης

156 1394 308 1445 κομιδὴν
337 1391 554 1444 Τυνδαρίδαι
583 1392 760 1446 ἐσέβαλον
791 1392 829 1435 ἐς
856 1395 922 1444 γῆν
951 1393 1014 1444 τὴν
1039 1392 1207 1444 ’Λττικὴν
1235 1408 1270 1431 κ.
1286 1408 1317 1431 τ.
1333 1394 1366 1431 λ.

264 1486 371 1525 VIII
395 1487 470 1524 138
501 1487 534 1523 οἱ
562 1487 603 1523 δὲ
633 1485 844 1538 ἀπικόμενοι
865 1487 903 1528 ἐς
923 1486 1036 1537 ἄλλην
1057 1490 1123 1536 γῆν
1142 1490 1207 1537 τῆς
1227 1486 1460 1537 Μακεδονίης
1477 1486 1627 1538 οἴκησαν

156 1550 271 1591 πέλας
305 1551 375 1588 τῶν
410 1549 536 1599 κήπων
571 1547 698 1587 Μίδεω
734 1552 798 1587 τοῦ
827 1548 1000 1601 Γορδίεω.
1063 1549 1100 1588 ἐν
1137 1550 1294 1588 τοότοισι
1329 1550 1391 1588 καὶ
1425 1550 1444 1588 ὁ
1478 1549 1630 1601 Σιληνὸς

155 1613 250 1663 ἥλω,
280 1614 331 1654 ὡς
359 1611 542 1662 λέγεται
572 1612 653 1650 ὑπὸ
682 1610 977 1650 Μακεδόνων.
1021 1612 1069 1651 cf.
1099 1612 1214 1651 Bion.
1244 1611 1486 1651 Proconnes.
1514 1612 1562 1651 fr.
1583 1613 1627 1660 23

158 1674 345 1728 Xenoph.
373 1674 503 1714 Anab.
529 1675 551 1714 Ι
572 1676 609 1725 2,
633 1675 681 1715 13
711 1703 721 1713 .
738 1703 748 1713 .
765 1703 775 1713 .
796 1675 847 1718 εἰς
875 1674 1057 1729 Θύμβριον
1086 1674 1200 1714 πόλιν.
1258 1675 1414 1714 ἐνταῦθα
1441 1674 1484 1727 ἧν
1512 1676 1626 1729 κρήνη

157 1740 181 1789 ἢ
211 1738 331 1777 Μίδου
360 1738 568 1789 καλουμένη
599 1741 662 1776 τοῦ
685 1739 841 1790 Φρυγῶν
871 1738 1065 1791 βασιλέως,
1095 1738 1150 1790 ἐφ’
1171 1736 1197 1790 ᾗ
1216 1738 1400 1789 λέγεται
1421 1738 1541 1781 Μίδας
1568 1741 1628 1778 τὸν

158 1801 319 1853 Σάτυρον
347 1802 525 1852 θηρεῦσαι
552 1800 637 1852 οἴνῳ
666 1802 824 1853 κεράσας
853 1800 977 1852 αὐτήν.

244 1949 306 1983 VH
326 1951 384 1983 154
412 1949 534 1983 Herod.
563 1956 677 1984 narrat
703 1950 936 1994 Hippocratem
963 1950 1183 1994 Syracusanos
1211 1962 1321 1993 pugna
1348 1951 1506 1985 devicisse
1535 1957 1569 1986 et
1593 1964 1632 1986 en.

158 2003 346 2037 condicione
368 2014 439 2035 cum
463 2004 503 2035 iis
525 2015 637 2045 pacem
659 2004 783 2044 secisse,
807 2008 843 2037 ut
859 2003 1062 2037 Camarinam
1086 2004 1147 2047 ipsi
1163 1996 1340 2037 traderent.
1376 2006 1631 2046 καταλλάξαντες,

158 2056 201 2089 ἐπ’
227 2054 287 2098 ᾦτε
306 2055 499 2100 Ἱπποκράτεϊ
521 2055 701 2100 Καμάριναν
721 2058 929 2100 Συρηκοσίους
950 2058 1147 2100 παραδοῦναι.
1193 2055 1388 2100 Συρηκοσίων
1411 2058 1444 2090 δὲ
1466 2059 1505 2104 ἧν
1521 2058 1631 2101 Καμά-

158 2121 223 2153 ρινα
238 2109 273 2141 τὸ
290 2109 426 2153 ἀρχαῖον.
469 2110 528 2141 156
546 2108 645 2141 refert
661 2108 816 2141 Gelonem
831 2120 942 2141 omnes
958 2108 1186 2141 Camarinaeos
1202 2108 1382 2150 Syracusas
1396 2111 1632 2145 transduxisse.

159 2160 366 2204 Thucydides
394 2162 556 2195 consentit
582 2173 655 2194 cum
678 2161 845 2195 Herodoto
873 2167 906 2196 et
932 2162 1028 2205 plura
1054 2162 1130 2196 scit:
1164 2161 1328 2207 Καμάρινα
1355 2163 1413 2197 ὑπὸ
1437 2163 1632 2209 Συρακοσίων

159 2213 277 2258 ᾠκίσθη
307 2214 427 2246 ἔτεσιν
456 2216 565 2247 πέντε
593 2216 655 2246 καὶ
682 2217 884 2258 τριάκοντα
910 2216 975 2246 καὶ
998 2216 1133 2247 ἑκατὸν
1160 2217 1253 2257 μετὰ
1276 2215 1527 2259 Συρακουσῶν
1553 2219 1631 2250 κτί-

159 2277 222 2299 σιν.
256 2267 424 2299 οἰκισταὶ
457 2268 495 2300 δὲ
528 2268 703 2310 ἐγένοντο
738 2268 832 2311 αὐτῆς
859 2266 990 2300 Δάσκων
1022 2268 1075 2300 καὶ
1106 2265 1300 2304 Μενέκωλος.
1334 2269 1560 2302 ἀναστάτων
1593 2271 1632 2303 δὲ

159 2318 432 2363 Καμαριναίων
454 2323 670 2363 γενομένων
690 2322 843 2363 πολέμῳ
864 2322 934 2353 ὑπὸ
956 2322 1204 2363 Συρακοσίων
1228 2322 1261 2353 δί
1282 2322 1507 2360 ἀπόστασιν,
1530 2324 1632 2367 χρόνῳ

160 2371 349 2415 Ιπποκράτης
387 2371 508 2416 ὕστερον
541 2373 656 2415 λὺτρα
696 2373 843 2416 ἀνδρῶν
878 2373 1126 2416 Συρακοσίων
1155 2374 1411 2418 αἰχμαξλώτων
1439 2374 1545 2416 λαβὼν
1577 2376 1632 2420 τὴν

158 2428 215 2469 γῆν
237 2425 293 2468 τὴν
315 2422 535 2469 Καμαριναίων
557 2424 709 2469 κατῴκισε
726 2424 917 2470 Καμάριναν.
940 2426 992 2457 καὶ
1015 2424 1101 2462 αὖθις
1124 2426 1182 2459 ὑπὸ
1199 2425 1338 2463 Γέλωνος
1361 2426 1527 2463 ἀνάστατος
1548 2440 1633 2471 γενο-

160 2479 235 2521 μένη
258 2478 299 2510 τὸ
322 2479 445 2520 τρίτον
460 2478 679 2523 κατῳκίσθη
698 2480 765 2512 υπὸ
783 2477 955 2521 Γελῴων.
979 2489 1085 2520 comp.
1101 2478 1223 2512 Herod.
1240 2479 1417 2513 V111700.
1441 2480 1542 2514 Thuc.
1555 2481 1633 2515 vl2

161 2529 214 2567 (de
237 2529 362 2562 Sicanis
385 2533 418 2561 et
439 2529 584 2568 Siculis);
612 2529 713 2562 Thac.
731 2530 776 2561 VI
795 2532 831 2569 3,
854 2530 981 2563 Hellan.
1002 2530 1043 2563 fr.
1064 2531 1123 2570 50,
1153 2530 1274 2573 Ephor.
1297 2531 1337 2563 fr.
1355 2532 1397 2563 52
1421 2532 1475 2569 (de
1497 2532 1592 2565 Naxo
1615 2545 1635 2566 a

161 2581 300 2615 Theocle
323 2582 484 2622 condita);
508 2582 568 2615 Th.
585 2582 697 2622 11188,
720 2582 871 2615 Antioch.
884 2582 925 2616 fr.
939 2586 958 2615 2
974 2582 1028 2622 (de
1044 2582 1165 2626 Lipara
1179 2584 1325 2621 condita)
1335 2596 1343 2622 ;
1367 2583 1427 2618 Th.
1440 2584 1485 2618 Vl
1501 2586 1531 2624 2,
1555 2587 1634 2620 Ant.

160 2635 200 2668 fr.
217 2637 248 2675 3,
270 2636 407 2669 Aristot.
424 2635 493 2668 Pol.
506 2635 551 2668 IV
567 2637 616 2674 10,
638 2636 717 2668 1329
743 2635 795 2674 (de
812 2647 887 2678 rege
901 2636 1006 2675 Italo).

1428 2697 1449 2729 3
