1844 2898
728 114 994 152 ..59-

231 218 289 258 Hi
309 217 491 271 ‘'Eume-c
524 225 664 272 poetae
693 219 838 259 Graeci
874 224 944 257 aut
978 218 1192 270 scriptores
1228 217 1439 268 γενεαλόγοι
1472 222 1594 256 erant.

124 281 220 321 ltem
256 281 530 322 Hecataeus
563 283 739 336 scripsit:
781 284 823 322 οἱ
850 283 917 335 γὰρ
947 280 1177 332 ἹΞῖλλήνων
1216 280 1346 332 λόγοι
1388 281 1519 319 πολλοί
1556 295 1596 318 τε

123 346 185 385 καὶ
217 347 369 398 γελοῖοι,
406 348 456 389 ὡς
490 346 571 398 ἐμοὶ
606 347 808 401 φαίνονται,
843 347 929 387 εἰσὶν
964 346 1030 396 (fr.
1051 346 1167 397 322),
1202 345 1295 384 item
1324 344 1595 384 Pausanias

125 408 375 449 Herodotum
402 409 560 451 imitans
588 411 732 451 fabulis
760 410 986 451 memoratis
1014 410 1149 449 multis
1178 409 1275 448 locis
1305 409 1356 447 ad
1390 409 1595 447 universos

128 470 306 511 Graecos
333 478 542 525 provocat:
585 473 692 524 120,
719 475 744 514 3
771 474 917 524 λέγεται
952 473 1021 512 ὑπὸ
1041 471 1256 523 (Ελλήνων,
1294 474 1344 513 ὡς
1362 470 1466 522 Ἥρα
1497 472 1596 522 ῥίψαι

124 533 318 586 γενόμενον
337 533 557 587 (Ἥφαιστον.
604 536 713 576 VIII
733 538 771 586 3,
790 539 813 576 6
843 537 958 587 ταύτῃ
979 535 1180 576 Καλλιστοῖ
1203 534 1321 585 (λέγω
1351 535 1392 572 δὲ
1421 534 1465 572 τὰ
1493 534 1595 583 λέγε-

123 611 182 635 ται
211 598 280 636 ὑπὸ
303 595 511 648 Ἑλλήνων)
539 599 752 649 συνεγένετο
783 600 951 651 ἐρασθεὶς
980 598 1086 640 Ζεύς.
1133 599 1177 637 Χ
1200 600 1263 647 29,
1284 599 1307 637 5
1338 597 1381 635 τὰ
1411 598 1450 638 ὲς
1469 596 1595 634 Διόνυ-

125 672 185 698 σον
227 659 344 698 πολλὰ
382 660 450 699 ὑπὸ
482 659 670 713 Ἑλλήνων
708 661 890 714 λεγόμενά
926 661 1033 701 ἐστιν.
1095 661 1181 701 Nos
1214 675 1374 712 quoque
1416 660 1597 700 similiter

125 722 312 762 dicimus:
348 736 413 762 »ee
440 724 504 763 ist
529 727 632 764 eine
659 727 879 764 deutsche
907 724 1064 778 Saye«.

230 803 333 844 Item
368 803 430 844 his
468 805 567 845 locis
606 806 819 858 scriptores
859 804 1052 857 quosdam
1089 803 1266 844 Graecos
1302 804 1517 855 respiciens
1554 803 1595 842 in

124 867 351 906 universum
379 866 481 907 dixit
506 866 685 907 Graecos
712 882 889 908 narrare:

231 929 254 968 I
287 931 363 969 ‘216
427 928 581 981 Νόμοισι
635 930 804 983 χρέονται
852 930 1019 970 τοιοισίδε
1078 930 1146 981 (de
1195 929 1434 981 Massagetis
1481 929 1594 981 agit).

127 995 279 1043 γυναῖκα
330 993 395 1043 μὲν
446 992 577 1044 γαμέει
625 994 795 1040 ἕκαστος,
844 995 997 1044 ταύτῃσι
1038 994 1080 1032 δέ
1117 994 1278 1031 ἐπίκοινα
1318 992 1498 1043 χρέονται.
1553 991 1594 1029 τό

124 1054 192 1109 γὰρ
226 1054 373 1098 Σκύθας
412 1056 517 1110 φασὶ
539 1053 753 1109 Ἕλληνες
784 1057 936 1105 ποιέειν,
977 1057 1020 1096 οὐ
1055 1057 1196 1096 Σκύθαι
1231 1056 1303 1095 εἰσί
1332 1056 1366 1094 οἱ
1400 1058 1595 1103 ποιεῦντες,

124 1117 218 1157 ἀλλὰ
242 1116 493 1169 Μασσαγέται.

232 1197 296 1237 IV
320 1199 392 1237 109
432 1199 511 1237 ὑπὸ
541 1198 761 1251 Ἑλλήνων
795 1200 1029 1239 καλέονται
1061 1201 1122 1239 καὶ
1158 1201 1192 1239 οἱ
1221 1199 1389 1238 Βουδῖνοι
1425 1197 1595 1245 Γελωνοί,

126 1260 192 1299 οὐκ
222 1261 342 1312 ὀρθῶς
368 1261 597 1313 καλεόμενοι.

232 1340 253 1379 Ι
279 1342 330 1380 73
364 1342 398 1379 οἱ
432 1340 688 1383 Καππαδόκαι.
733 1344 817 1381 ὑπὸ
848 1342 1068 1394 Ἑλλήνων
1103 1343 1225 1395 Σύριοι
1261 1342 1593 1393 οὐνομάζονται.

127 1403 176 1441 cf.
200 1402 343 1442 Hecat.
363 1404 409 1443 fr.
436 1406 522 1444 195.

230 1483 298 1522 IX
317 1484 369 1523 20
397 1483 607 1532 Μασίστιος,
636 1487 695 1524 τὸν
716 1484 732 1500 ‘'
741 1485 771 1525 E
781 1488 802 1524 λ
810 1488 831 1524 λ
840 1501 863 1537 η
871 1501 889 1524 ν
901 1501 920 1525 ε
928 1501 946 1528 ς
974 1485 1170 1525 Μακίστιον
1199 1501 1221 1524 κ
1231 1500 1255 1524 α
1264 1487 1285 1523 λ
1296 1485 1313 1524 ε’
1323 1500 1342 1523 ο
1353 1501 1372 1524 υ
1381 1498 1432 1523 σι.

230 1564 251 1601 Ι
272 1565 322 1601 75
352 1567 402 1606 ὡς
430 1565 576 1603 ἀπίκετο
608 1567 667 1604 ἐπὶ
695 1567 753 1603 τὸν
775 1565 894 1604 ”Αλυν
924 1567 944 1603 ὁ
974 1565 1142 1617 Κροῖσος,
1171 1567 1210 1603 τὸ
1241 1566 1420 1610 ἐνθεῦτεν,
1451 1567 1501 1605 ὡς
1529 1565 1594 1614 μὲν

125 1626 200 1678 ἐγὼ
227 1626 344 1677 λέγω,
377 1628 471 1665 κατά
501 1628 565 1670 τὰς
594 1628 726 1671 ἐούσας
759 1628 921 1681 γεφυρὰς
957 1628 1143 1681 διεβίβασε
1177 1629 1235 1666 τὸν
1266 1628 1432 1679 στρατὸν,
1468 1629 1523 1668 ὡς
1553 1627 1593 1664 δὲ

125 1690 144 1727 ὁ
172 1691 336 1732 πολλὸς
364 1689 501 1741 λόγος
525 1690 745 1742 Ἑλλήνων
775 1691 898 1742 Θαλῆς
925 1692 960 1730 οἱ
988 1692 1187 1744 διεβίβασε.

231 1770 276 1809 II
302 1771 326 1810 3
361 1771 435 1810 ὦδε
476 1772 541 1823 μὲν
580 1771 749 1823 γενέσθαι
790 1774 860 1811 τῶν
900 1772 1005 1824 ἱρέων
1046 1775 1109 1811 τοῦ
1141 1770 1349 1824 (Ηφαίστου
1389 1771 1426 1809 ἐν
1463 1769 1594 1822 Μέμφι

123 1832 257 1885 ἧκουον
299 1834 517 1886 (quomodo
554 1835 869 1875 Psammetichus
911 1835 1167 1886 quaesiverit,
1210 1849 1310 1886 quae
1352 1849 1450 1886 gens
1492 1834 1594 1873 anti-

123 1896 315 1948 quissima
342 1898 475 1949 esset).
520 1896 735 1950 τΈλληνες
762 1900 809 1937 δὲ
838 1898 1019 1949 λέγουσι
1047 1898 1141 1937 ἄλλα
1169 1913 1207 1936 τε
1237 1899 1371 1949 μάταια
1397 1897 1515 1935 πολλὰ
1533 1898 1595 1935 καὶ

114 1962 175 2003 ,ὡς
205 1960 225 1998 ὁ
257 1960 498 2013 Ψαμμήτιχος
518 1990 527 1999 .
548 1990 558 1999 .
579 1990 589 1999 .

230 2040 273 2079 ΙΙ
295 2042 343 2080 15
381 2041 415 2080 εἰ
442 2040 655 2094 βουλόμεθα
689 2043 892 2094 γνώμῃσι
926 2043 1026 2092 τῇσι
1059 2041 1217 2080 Ἰώνων
1252 2042 1411 2093 χρᾶσθαι
1439 2041 1483 2079 τὰ
1514 2042 1596 2092 περὶ

124 2102 323 2154 Αἴγυπτον,
356 2104 403 2142 οἵ
430 2118 536 2157 φασι
570 2106 611 2143 τὸ
645 2104 763 2143 Δέλτα
799 2108 926 2156 μοῦνον
965 2105 1054 2143 εἶναι
1090 2104 1288 2155 Αἴγυπτον,
1326 2105 1395 2143 ἀπὸ
1432 2105 1595 2156 Περσέος

121 2167 352 2219 καλεομένης
391 2171 552 2219 σκοπιῆς>
581 2168 747 2218 λέγοντες
785 2169 825 2205 τὸ
858 2168 954 2220 παρὰ
988 2169 1175 2207 θάλασσαν
1213 2168 1302 2207 εἶναι
1339 2169 1450 2220 αὐτῆς
1486 2169 1594 2221 μέχρι

122 2229 350 2283 Ταριχηιέων
379 2233 449 2269 τῶν
479 2230 777 2283 Πηλουσιακέων.

230 2298 274 2338 Π
303 2300 350 2338 16
378 2296 563 2350 ’Ἕλληνάς
598 2314 638 2338 τε
674 2300 735 2338 καὶ
773 2299 903 2342 αὐτοὺς
928 2299 1057 2338 Ἴωνας
1085 2300 1320 2352 ἀποδείκνυμι
1354 2300 1419 2338 οὐκ
1451 2299 1593 2337 ἐπιστα-

122 2360 254 2411 μένους
280 2361 501 2410 λογίζεσθαι,
530 2362 572 2399 οἵ
592 2374 681 2413 φασι
708 2362 787 2413 τρία
816 2361 924 2413 μόρια
953 2362 1042 2400 εἶναι
1069 2366 1135 2412 γῆν
1164 2365 1279 2401 πᾶσαν
1300 2391 1309 2401 .
1332 2391 1341 2400 .
1362 2390 1371 2399 .

229 2423 409 2464 V11150
438 2422 531 2463 ἔστι
550 2424 680 2475 λόγος
700 2424 944 2476 λεγόμενος
963 2424 1046 2463 ἀνὰ
1065 2424 1364 2476 τὴνἹΞλλοίδα,
1385 2427 1435 2467 ὡς
1455 2423 1593 2476 Ξέρξης

122 2485 264 2539 ἔπεμψε
282 2487 426 2539 κήρυκα
446 2487 485 2529 ἐς
495 2486 637 2538 Ἀργος
656 2517 665 2526 .
688 2519 697 2528 .
719 2516 728 2526 .
750 2503 778 2536 ,ς
808 2502 900 2538 non,
929 2501 1008 2539 quo
1027 2494 1204 2540 tempore
1224 2488 1453 2527 Herodotus
1471 2486 1594 2526 histo-

122 2549 205 2588 riae
223 2548 454 2589 scribendae
474 2564 634 2601 operam
653 2549 785 2596 dabat,
805 2550 876 2590 sed
893 2556 978 2589 tum
994 2551 1139 2602 ipsum,
1159 2565 1247 2590 cum
1267 2551 1334 2589 illa
1352 2550 1595 2600 acciderunt,

125 2626 259 2651 rumor
287 2612 352 2652 ille
382 2612 591 2652 Graeciam
620 2613 806 2665 pervasit.
847 2627 884 2652 v.
905 2627 945 2665 p.
967 2615 1031 2653 54.
