1844 2898
777 130 828 139 ....
883 107 929 148 21
992 130 1043 137 -
1606 108 1681 160 n„

1401 125 1516 205 ⁰0!sp
1591 160 1619 180 t·
1643 146 1648 150 ”
1676 144 1737 185 ’Ίφ

1505 181 1535 217 8
1592 172 1642 203 αἳ
1669 194 1697 217 ν,
1736 172 1758 197 μ

173 215 337 269 Troico,
369 216 594 255 immutatas
622 216 782 266 quidem
811 215 961 266 aliquid
988 216 1037 253 ad
1066 229 1196 254 rerum
1224 221 1422 266 gestarum
1453 194 1669 281 specsllhv'
1678 218 1733 251 '⁷5⁴

172 277 228 317 ita
254 278 357 318 inter
383 293 424 319 se
453 279 641 333 coniungi
668 291 784 332 posse
813 278 923 329 vidit,
951 278 1006 318 ud
1035 277 1126 319 inde
1148 277 1291 319 Graeci
1313 278 1496 332 gentibus
1518 279 1638 319 Asiae
1661 260 1689 287 p
1708 286 1773 338 [ει]

172 342 323 392 priores
350 343 533 380 iniuriam
562 344 740 381 intulisse
768 349 808 381 et
826 343 984 390 Persae,
1013 343 1161 393 quippe
1178 344 1257 391 'qui
1285 343 1406 381 totius
1426 343 1545 380 Asiae
1566 344 1638 380 im·
1772 320 1844 379 ‘'⁰‘-

172 403 325 456 perium
352 409 548 454 tenerent,
582 404 633 443 ad
660 404 841 444 iniuriam
870 404 976 443 illam
1002 403 1267 443 ulciscendam
1287 403 1577 455 expeditionem
1597 404 1636 442 in

173 467 382 508 Graeciam
402 469 537 509 Xerxe
564 469 664 509 duce
691 470 831 509 fecisse
857 469 1101 519 viderentur;
1132 469 1247 508 huius
1266 474 1397 507 autem
1419 470 1636 508 sententiae

173 545 279 569 more
308 545 379 570 suo
408 532 550 570 Persas
577 532 685 582 ipsos
713 537 893 570 auctores
922 545 1006 569 esse.
1034 531 1160 569 finxit.

279 658 322 696 II
343 659 416 697 113
436 658 533 696 dicit
551 658 775 697 sacerdotes
792 658 1012 710 Aegyptios
1031 658 1105 696 sibi
1125 658 1173 696 de
1194 658 1348 696 Helena
1367 658 1636 708 quaestionem

173 721 395 760 instituenti
425 721 654 771 narravisse,
684 735 771 760 eam
799 735 889 760 cum
915 720 1142 760 Alexandro
1165 726 1399 773 tempestate
1426 721 1469 760 in
1492 721 1636 761 ostium

174 785 418 824 Canobicum
453 784 622 823 delatam
658 798 761 830 esse3
792 784 980 823 Proteum
1016 790 1167 832 autem,
1203 785 1378 835 Aegypti
1407 799 1558 835 regem,
1588 785 1637 823 de

174 848 280 887 illius
308 848 453 887 scelere
482 846 678 896 edoctum,
707 862 796 887 eum
816 862 864 886 ex
886 847 1069 900 Aegypto
1090 846 1228 886 cedere
1247 847 1422 896 iussisse,
1442 847 1637 886 Helenam

173 926 265 950 vero
295 917 333 949 et
361 925 475 962 opes,
504 925 602 961 quas
631 911 695 949 ille
724 926 772 949 ex
801 910 975 949 Menelai
1003 911 1110 962 regia
1139 911 1384 958 abstulisset,
1415 911 1637 959 retinuisse,

172 974 266 1012 dum
296 974 359 1012 ille
389 988 435 1012 ea
460 974 700 1025 repetiturus
730 979 844 1012 esset.
895 974 975 1011 113
1000 972 1161 1022 ἔλεγόν
1192 988 1265 1023 μοι
1294 974 1335 1010 οἱ
1364 973 1488 1024 ἱρέες
1517 975 1635 1012 ἱστο-

173 1038 327 1089 ρέοντι
364 1038 414 1075 τὰ
449 1037 758 1088 περὶςΕλένην
795 1037 1010 1086 γενέσθαι
1046 1034 1135 1075 ὧδε
1156 1066 1165 1074 .
1187 1066 1195 1074 .
1218 1066 1226 1074 .
1287 1038 1361 1075 116
1383 1035 1542 1087 (Ελένης
1571 1039 1635 1088 μὲν

172 1101 305 1151 ταύτην
335 1099 446 1141 ἄπιξιν
475 1100 571 1151 παρὰ
592 1099 745 1151 Πρωτέα
776 1098 933 1149 ἔλεγον
963 1100 1004 1136 οἱ
1032 1099 1152 1150 ἱρέες
1182 1099 1363 1149 γενέσθαι.
1417 1100 1489 1137 118
1520 1100 1635 1150 εἰρο-

173 1164 311 1216 μένου
356 1163 403 1203 ὃέ
446 1178 528 1215 μευ
572 1164 673 1206 τοὺς
715 1163 840 1216 ἱρέας
879 1163 918 1202 εἰ
953 1164 1142 1215 μάταιον
1186 1162 1319 1213 λόγον
1367 1163 1554 1214 λέγουσι
1596 1165 1636 1202 οἱ

163 1227 385 1277 ’Έλληνες
413 1228 462 1265 τὰ
491 1229 592 1277 περὶ
616 1227 747 1264 Ἴλιον
778 1228 946 1276 γενέσθαι
975 1228 997 1276 ἦ
1026 1227 1081 1271 οὒ,
1117 1226 1290 1278 ἔφασαν
1320 1228 1424 1271 τάδε,
1462 1228 1636 1278 ἱστορίῃσι

171 1292 327 1343 φάμενοι
355 1290 488 1329 εἰδέναι
516 1290 595 1342 παρ’
627 1291 736 1329 αὐτοῦ
766 1289 954 1329 Μενέλεω.
1010 1289 1145 1329 Refert
1175 1290 1262 1329 illos
1284 1291 1518 1339 narravisse,
1546 1296 1636 1342 post

173 1355 350 1392 Helenae
407 1361 562 1405 raptum
617 1369 804 1405 maguum
852 1353 1096 1392 Graecorum
1152 1355 1367 1393 exercitum
1413 1356 1454 1393 in
1500 1369 1640 1405 agrum

172 1417 391 1455 Troianum
422 1417 631 1460 invasisse,
668 1423 705 1454 et
734 1417 904 1468 legatos,
941 1417 981 1454 in
1010 1416 1155 1467 quibus
1184 1417 1430 1465 Menelaum,
1466 1416 1572 1454 illam
1601 1421 1641 1454 et

173 1495 281 1531 opes,
311 1495 409 1531 quas
431 1480 658 1518 Alexander
686 1480 893 1531 rapuisset,
922 1495 945 1518 a
964 1480 1148 1519 Troianis
1176 1481 1426 1531 repetivisse3
1456 1480 1525 1530 qui
1549 1493 1639 1518 cum

172 1550 403 1596 negassent,
447 1558 487 1582 se
531 1544 617 1582 illas
659 1544 823 1592 habere,
866 1543 935 1582 sed
978 1544 1223 1596 Aegyptium
1263 1543 1449 1582 Proteum
1492 1549 1639 1591 tenere,

172 1606 361 1656 Graecos,
391 1608 583 1646 Troianos
612 1607 708 1659 ipsis
738 1607 901 1646 illudere
930 1613 1047 1656 ratos,
1077 1607 1213 1646 urbem
1244 1621 1496 1660 oppugnasse
1519 1613 1558 1645 et
1577 1621 1640 1645 ce-

173 1673 297 1723 pisse3
328 1671 396 1710 sed
426 1685 514 1709 cum
535 1671 730 1709 Helenam
761 1686 838 1709 non
867 1671 1132 1722 repperissent
1157 1677 1194 1708 et
1214 1677 1297 1709 tum
1319 1670 1502 1709 Troianis
1521 1670 1639 1709 fidem

174 1735 376 1783 haberent,
406 1735 634 1772 Menelaum
663 1734 712 1772 ad
742 1734 885 1772 Protea
914 1735 1086 1781 misisse3
1126 1749 1215 1772 eum
1246 1734 1440 1772 Helenam
1470 1740 1509 1772 et
1537 1733 1641 1772 dona

174 1803 376 1850 praeterea
414 1798 629 1848 recepisse,
666 1812 755 1835 cum
790 1811 882 1836 vero
919 1797 1094 1836 adversis
1130 1798 1256 1836 ventis
1292 1797 1513 1848 prohibitus
1542 1797 1640 1836 duas

174 1861 345 1900 infantes
374 1861 581 1912 indigenas
611 1866 838 1910 mactasset,
874 1861 1095 1912 Aegyptios
1122 1860 1325 1899 timentem
1354 1861 1504 1913 fugisse
1533 1867 1573 1900 et
1600 1861 1640 1899 in

175 1924 344 1975 Libyam
388 1938 428 1962 se
472 1925 723 1963 convertisse.
787 1924 906 1976 ᾤχετο
949 1925 1095 1975 φεύγων
1140 1929 1221 1974 τῇσι
1255 1925 1361 1974 νηυσὶ
1396 1924 1453 1961 ἐπὶ
1489 1924 1640 1976 Λιβύης.

172 1989 220 2025 τὸ
252 1988 466 2026 ἐνθεῦτεν
496 1988 544 2025 δὲ
574 1988 682 2025 ὅκου
714 1988 952 2038 ἐτράπετο,
989 1987 1146 2025 οὐκέτι
1176 1987 1301 2038 εἶχον
1332 1988 1473 2025 εἰπεῖν
1505 1986 1639 2036 Αἰγό-

173 2065 308 2089 πτιοι.
364 2050 501 2087 τούτων
539 2050 580 2087 δὲ
609 2050 652 2087 τὰ
681 2051 745 2100 μὲν
776 2051 947 2101 ἱστορίῃσι
976 2050 1115 2101 ἔφασαν
1146 2050 1380 2093 ἐπίστασθαι,
1417 2050 1461 2087 τὰ
1490 2051 1531 2088 δὲ
1559 2050 1636 2100 παρ’

173 2116 339 2152 ἑωυτοῖσι
381 2112 560 2164 γενόμενα
602 2113 785 2164 ἀτρεκέως
828 2114 1055 2165 ἐπιστάμενοι
1090 2113 1221 2163 λέγειν.
1288 2114 1363 2151 120
1399 2115 1541 2150 ταῦτα
1576 2112 1640 2163 μὲν

176 2177 438 2227 Αἰγυπτίων
468 2177 507 2214 οἱ
536 2176 660 2228 ἱρέες
689 2175 866 2226 ἔλεγον,
898 2177 985 2226 ἐγὼ
1014 2177 1061 2215 δὲ
1089 2177 1148 2228 τῴ
1178 2176 1299 2227 λόγῳ
1320 2181 1371 2227 τῷ
1390 2173 1642 2226 περὶζΕλένης

174 2240 342 2293 λεχθέντι
384 2241 460 2278 καὶ
495 2239 632 2280 αὐτὸς
665 2240 990 2291 προστίθεμαι;
1035 2240 1068 2278 si
1105 2240 1209 2278 enim
1246 2253 1382 2277 revera
1414 2238 1643 2277 Alexander

175 2304 369 2342 Helenam
390 2317 523 2342 secum
546 2302 736 2351 duxisset,
765 2302 929 2342 dubium
950 2318 1028 2342 non
1050 2317 1153 2352 esse,
1178 2304 1275 2353 quin
1296 2303 1457 2341 Troiani
1476 2303 1641 2342 Graecis

175 2381 261 2405 eam
296 2365 488 2404 reddituri
526 2366 690 2414 fuerint,
726 2380 817 2404 nam
846 2365 1048 2404 Priamum
1085 2366 1247 2417 eiusque
1283 2367 1527 2417 propinquos
1561 2372 1641 2404 tam

175 2429 377 2468 dementes
418 2443 497 2467 non
531 2429 684 2468 futuros
719 2428 858 2477 fuisse,
903 2434 946 2468 ut
991 2434 1165 2468 extrema
1207 2429 1309 2467 mala
1343 2434 1572 2481 paterentur
1605 2434 1645 2467 et

175 2493 368 2531 Troianos
404 2492 443 2531 in
480 2506 676 2531 summum
711 2492 923 2532 discrimen
958 2492 1220 2542 adducerent,
1262 2492 1378 2531 modo
1417 2492 1644 2531 Alexander

175 2570 265 2594 cum
301 2555 456 2594 Helena
491 2556 668 2603 cubaret,
713 2556 865 2595 etiamsi
907 2556 1151 2607 aliquamdiu
1193 2556 1408 2595 obsidionis
1444 2556 1643 2595 molestias

175 2620 370 2669 tulissent,
400 2625 504 2659 certe
523 2619 739 2670 Priamum,
768 2634 858 2659 cum
882 2620 960 2659 iam
979 2620 1091 2659 multi
1112 2619 1372 2659 Troianorum
1393 2625 1431 2657 et
1451 2633 1500 2658 ex
1519 2619 1644 2671 ipsius
