1844 2898
779 115 1043 154 -25-

174 235 332 272 quoque
366 221 463 261 locis
497 222 681 262 cernitur.
736 223 758 262 Ι
785 223 836 262 53
872 222 1101 262 Herodotus
1138 223 1258 261 refert
1295 222 1505 270 Croesum,
1549 235 1638 260 cum

174 284 376 323 oraculum
412 285 591 336 petiisset
623 286 671 324 de
710 287 813 325 bello
850 292 986 324 contra
1013 286 1155 324 Persas
1184 286 1378 337 gerendo,
1407 299 1637 336 responsum

173 347 331 396 tulisse,
368 348 401 387 si
439 348 582 388 bellum
620 350 667 389 iis
704 349 922 399 intulisset,
960 364 1147 401 magnum
1176 364 1342 401 regnum
1372 363 1548 387 eversum
1579 348 1638 395 iri,

174 412 466 466 potentissimos
516 418 645 451 autem
693 413 938 452 Graecorum
986 414 1208 464 exploraret
1250 418 1289 450 et
1331 412 1516 449 societate
1562 411 1635 449 sibi

174 473 443 526 coniungeret.
502 476 550 515 56
581 475 671 527 μετὰ
699 479 812 514 ταῦτα
841 475 1027 528 ἐφρόντιζε
1057 475 1240 527 ἱστορέων,
1271 475 1353 516 τοὺς
1382 473 1422 512 ἂν
1449 473 1636 524 Ἑλλήνων

174 540 446 581 δυνατωτάτους
475 540 601 581 ἐόντας
628 541 890 591 προσκτήσαιτο
911 541 1052 592 φίλους,
1075 569 1084 578 .
1106 569 1115 577 .
1139 571 1145 577 .
1169 541 1310 590 εὕρισκε
1332 537 1639 587 Λακεδαιμονίους

171 602 233 638 καὶ
255 600 463 652 Ἀθηναίονς
489 602 721 653 προέχοντας.
779 604 829 642 59
859 603 993 640 τούτων
1023 606 1092 640 τῶν
1134 602 1269 640 ἐθνέων
1305 602 1345 639 τὸ
1381 602 1446 651 μὲν
1471 599 1637 637 Ἀττικὸν

172 664 417 717 κατεχόμενόν
446 680 485 704 τε
513 667 574 704 καὶ
602 666 861 717 διεσπασμένον
891 667 1163 705 ἐπυνθάνετο
1194 667 1213 704 6
1234 664 1429 717 Κροῖσος
1460 665 1527 702 ὑπὸ
1555 663 1637 702 Πει-

174 730 374 778 σιστράτου.
439 730 598 767 59-64
634 735 784 776 narrat,
827 729 1025 778 quomodo
1063 729 1294 766 Pisistratus
1335 727 1638 765 Atheniensium

172 789 479 830 dominationem
507 792 773 843 usurpaverit:
818 793 867 830 65
903 792 1004 833 τοὺς
1039 791 1102 842 μέν
1145 806 1205 829 νυν
1237 790 1518 841 Ἀθηναίους
1552 804 1637 827 τοι-

174 858 283 891 αῦτα
318 856 377 891 τὸν
411 854 541 904 χρόνον
585 859 708 891 τοῦτον
752 856 1033 891 ἐπυνθάνετο
1072 856 1090 890 6
1128 853 1326 903 Κροῖσος
1362 853 1636 902 κατέχοντα,

172 916 272 958 τοὺς
301 917 347 954 δὲ
378 916 845 966 Λακεδαιμονίους..
868 944 906 953 ..
957 918 1005 954 65
1036 915 1084 954 de
1105 915 1290 967 Lycurgo
1320 915 1449 963 refert,
1479 916 1636 953 66-68

173 980 222 1018 de
255 980 358 1019 bello
391 980 493 1019 inter
521 980 857 1019 Lacedaemonios
892 987 931 1018 et
959 980 1154 1031 Tegeatas
1191 985 1301 1030 gesto
1336 985 1375 1017 et
1411 978 1458 1017 de
1488 979 1637 1017 Lichae

175 1041 361 1095 Spartani
380 1043 484 1093 dolo,
513 1044 581 1095 qui
601 1043 742 1093 effecit,
771 1049 815 1082 ut
834 1043 888 1081 illi
910 1043 1131 1094 superiores
1151 1043 1402 1081 excederent:
1433 1045 1482 1081 69
1503 1046 1638 1080 ταῦτα

173 1108 216 1145 δὲ
245 1108 294 1145 ὧν
323 1108 465 1145 πάντα
493 1107 833 1159 πυνθανόμενος
863 1108 881 1145 6
912 1106 1106 1159 Κροῖσος
1127 1106 1264 1158 ἔπεμπε
1287 1108 1324 1149 ἐς
1346 1107 1509 1158 Σπάρτην
1531 1107 1637 1155 ἀγγέ·

175 1173 262 1211 λους
295 1186 329 1207 κ.
353 1186 382 1207 τ.
407 1173 439 1207 λ.
506 1171 695 1210 Croesum
732 1171 780 1209 de
817 1169 1118 1208 Atheniensium
1153 1170 1637 1218 Lacedaemoniorumque

171 1233 290 1272 rebus
326 1234 597 1284 quaestionem
620 1224 850 1273 'instituisse
886 1249 906 1273 e
944 1249 1015 1273 suo
1052 1235 1185 1285 posuit
1215 1233 1462 1282 Herodotus,
1505 1238 1549 1270 ut
1590 1231 1638 1269 de

174 1296 379 1335 Pisistrato
408 1304 446 1335 et
475 1298 661 1349 Lycurgo
690 1304 729 1335 et
758 1298 883 1336 Licha
911 1312 1069 1335 narrare
1099 1304 1242 1348 posseta
1301 1298 1403 1334 Nam
1433 1297 1529 1334 haec
1566 1310 1637 1345 per

171 1357 462 1411 degressionem
498 1365 537 1398 et
571 1374 594 1398 a
630 1359 766 1399 Croesi
808 1375 937 1399 rerum
980 1360 1201 1399 narratione
1244 1365 1423 1411 separata
1464 1358 1635 1410 proferre

171 1422 339 1472 scriptor
366 1424 682 1474 elegantissimus
702 1424 948 1475 contempsit,
978 1438 1113 1474 quare,
1143 1438 1242 1474 quae
1263 1424 1347 1474 ips'e
1368 1428 1513 1470 narrat,
1542 1422 1637 1459 haec

172 1485 303 1523 omnia
322 1485 470 1524 Croeso
500 1487 680 1525 nuntiata
708 1500 793 1525 esse
812 1486 938 1524 finxit.
970 1509 1018 1513 —
1048 1486 1160 1525 Idem
1182 1486 1423 1534 Herodotus,
1453 1490 1497 1523 ut
1524 1498 1636 1522 occa-

171 1549 321 1588 sionem
351 1550 656 1594 ‘nancisceretur
696 1551 781 1589 viae
817 1551 949 1602 regiae
987 1551 1035 1590 ab
1073 1550 1220 1602 oppido
1256 1550 1415 1602 Epheso
1450 1548 1500 1587 ad
1536 1546 1636 1587 Susa
1684 1574 1686 1576 -

171 1612 351 1652 ducentis
391 1613 664 1663 illustrandae,
700 1614 814 1652 finxit
843 1614 1132 1665 Aristagoram,
1169 1613 1275 1664 apud
1305 1613 1558 1652 Cleomenem
1588 1610 1635 1648 de

171 1675 419 1727 expeditione
448 1677 487 1715 in
518 1677 654 1716 Asiam
684 1676 863 1716 facienda
891 1677 1167 1726 disserentem,
1202 1678 1242 1715 in
1281 1678 1410 1715 animo
1439 1675 1635 1722 habuisse,

173 1739 221 1777 de
249 1740 313 1777 via
333 1740 399 1778 illa
417 1740 545 1791 loqui:
577 1741 614 1778 'V
636 1742 687 1779 50
717 1740 830 1791 εἴρετο
853 1742 872 1777 6
894 1740 1107 1791 Κλεομένης
1133 1740 1272 1778 ὁκόσων
1297 1740 1461 1790 ἡμερέων
1482 1739 1551 1776 ἀπὸ
1572 1740 1635 1775 θα-

171 1804 308 1854 λάσσης
344 1807 407 1854 τῆς
440 1803 571 1842 Ἰώνων
608 1805 692 1846 ὁδὸς
729 1804 783 1855 εἴη
822 1804 917 1855 παρὰ
955 1804 1118 1857 βασιλέα.
1179 1806 1197 1842 6
1227 1805 1267 1841 δὲ
1294 1803 1478 1854 Ἀρισταγ.
1537 1802 1636 1851 λέγει

169 1870 273 1918 τριῶν
304 1871 424 1917 μηνῶν
455 1867 544 1904 εἶναι
572 1868 636 1916 τὴν
666 1867 805 1904 ἄνοδον.
856 1868 873 1904 6
904 1868 944 1904 δὲ
975 1868 1186 1917 ὑπαρπάσας
1215 1868 1272 1904 τὸν
1304 1867 1484 1903 ἐπίλοιπον
1515 1864 1635 1914 λόγον.

169 1930 227 1967 τὸν
250 1930 269 1967 ὁ
283 1928 551 1981 Ἀρισταγόρης
569 1931 714 1981 ὥρμητο
735 1930 851 1980 λέγειν
871 1931 951 1982 περὶ
970 1933 1032 1981 τῆς
1053 1931 1139 1968 ὁδοῦ
1160 1958 1169 1967 .
1191 1959 1199 1967 .
1222 1959 1230 1967 .
1263 1931 1308 1968 51
1330 1930 1390 1967 καὶ
1411 1930 1430 1966 6
1446 1928 1633 1980 Ἀρισταγ.

169 1995 420 2032 ἀπαλλάσσετο
450 1995 492 2032 ὲκ
522 1997 584 2044 τῆς
604 1994 782 2045 Σπάρτης,
811 1994 860 2032 οὐ
890 1994 937 2032 δέ
967 1995 1006 2031 οἱ
1036 1994 1270 2044 ἐξεγένετο
1303 1995 1375 2031 ἐπὶ
1404 1993 1539 2031 πλέον
1570 1991 1636 2030 ἔτι

170 2060 366 2108 σημῆναι
393 2058 494 2108 περὶ
523 2061 602 2107 τῆς
630 2057 798 2095 ἀνόδου
828 2061 891 2108 τῆς
919 2058 1015 2109 παρὰ
1045 2058 1208 2110 βασιλέα.
1259 2059 1308 2095 52
1340 2056 1419 2108 ἔχει
1448 2057 1515 2107 γὰρ
1545 2056 1637 2106 ἀμφὶ

169 2122 214 2171 τῇ
257 2121 331 2172 ὁδῷ
376 2120 490 2171 ταύτῃ
533 2118 606 2172 ᾦδε
632 2149 797 2158 ......
857 2144 904 2148 -
960 2121 1024 2159 Ita
1070 2135 1183 2161 nemo
1220 2120 1374 2172 putabit
1409 2119 1636 2159 Corinthios

169 2191 377 2235 propterea
395 2183 731 2222 Lacedaemonios
751 2182 895 2222 Samiis
923 2184 1068 2222 bellum
1098 2184 1308 2222 inferentes
1337 2184 1527 2223 acerrimo
1555 2188 1635 2220 stu-

169 2246 234 2285 dio
279 2252 435 2289 secutos
477 2260 583 2296 esse,
627 2252 670 2285 ut
700 2245 854 2285 Samios
889 2247 1181 2296 ulciscerentur,
1224 2247 1332 2297 quod
1368 2247 1484 2285 tertia
1511 2251 1637 2284 aetate

168 2315 258 2348 ante
287 2309 477 2349 nobilium
507 2308 816 2362 Corcyraeorum
844 2310 988 2349 liberos
1017 2316 1212 2349 trecentos
1249 2311 1499 2358 liberassent,
1536 2323 1635 2360 quos

168 2372 395 2422 Periander,
425 2387 593 2424 poenam
622 2373 671 2412 ab
700 2374 776 2412 illis
803 2388 874 2424 pro
895 2374 1170 2425 Lycophronis
1189 2375 1260 2412 filii
1280 2388 1374 2412 nece
1395 2379 1635 2424 sumpturus,

170 2434 317 2475 Sardes
352 2435 403 2474 ad
433 2436 632 2487 Alyattem
670 2436 852 2475 mitteret.
922 2436 988 2475 ΙΙΙ
1016 2438 1066 2475 48
1112 2438 1396 2488 συνεπελάβοντο
1434 2440 1495 2474 τοῦ
1533 2450 1634 2487 στρα-

169 2499 346 2550 τεύματος
375 2500 436 2538 καὶ
465 2498 649 2551 Κορίνθιοι
677 2500 885 2551 προθύμως.
934 2500 1089 2553 ὕβρισμα
1127 2500 1193 2551 γὰρ
1223 2502 1283 2538 καὶ
1312 2501 1348 2541 ἐς
1377 2500 1527 2541 τούτους
1556 2499 1635 2551 εἶχε

171 2563 212 2600 ἐκ
240 2565 310 2600 τῶν
339 2563 485 2614 Σαμίων
517 2563 709 2614 γενόμενον
737 2578 772 2602 κ.
789 2578 819 2601 τ.
837 2565 868 2601 λ.
933 2563 1032 2614 εἰμέν
1060 2578 1121 2601 νυν
1146 2563 1366 2615 Περιάνδρου
1397 2564 1634 2613 τελευτήσαν-

170 2640 229 2668 τος
256 2629 345 2665 τοῖσι
374 2625 593 2678 Κορινθίοισι
622 2626 709 2678 φίλα
745 2625 787 2677 ἧν
822 2627 910 2678 πρὸς
944 2626 1027 2668 τοὺς
1057 2625 1322 2678 Κερκυραίους,
1360 2627 1393 2663 οἱ
1429 2626 1470 2664 δὲ
1499 2625 1565 2664 οὐκ
1594 2626 1634 2663 ἂν
