1844 2898
194 182 319 232 (VIII
350 182 399 220 37
423 183 499 233 sq).
558 183 609 222 38
638 183 674 221 οἱ
701 183 743 221 δὲ
772 182 977 234 περιεόντες
1010 183 1068 221 ἰθὺ
1099 181 1272 221 Βοιωτῶν
1303 159 1485 234 ἔφευγον..
1520 181 1670 234 ἔλεγον

195 245 236 283 δὲ
256 245 298 283 οἱ
317 246 703 296 ἀπονοστήσαντες
731 245 850 283 οὖτοι
877 248 959 283 τῶν
990 246 1237 298 βαρβάρων,
1267 247 1318 286 ὧς
1338 245 1412 295 ἐγὼ
1431 246 1670 298 πυνθάνομαι,

194 311 244 350 ὡς
278 309 365 359 πρὸς
398 308 556 347 τούτοισι
587 310 649 347 καὶ
679 308 774 347 ἄλλα
802 310 915 360 ὥρεον
946 309 1041 347 θεῖα.
1100 308 1165 347 δύο
1194 308 1262 360 γὰρ
1291 308 1438 350 ὁπλίτας
1465 308 1620 360 μέζονας
1647 310 1670 361 ἢ

193 372 286 409 κατὰ
319 372 521 423 ἀνθρώπων
551 373 657 424 φύσιν
688 371 840 423 ἔχοντας
870 372 1026 410 ἕπεσθαί
1052 385 1115 424 σφι
1142 372 1345 413 κτείνοντας
1371 373 1432 409 καὶ
1461 373 1670 415 διώκοντας.

193 435 244 472 39
274 434 425 476 τούτους
454 436 495 473 δὲ
524 435 609 477 τοὺς
636 435 702 473 δύο
724 435 891 486 Δελφοὶ
919 434 1139 485 λέγουσιν
1170 434 1261 473 εἶναι
1290 435 1508 486 ἐπιχωρίους
1534 436 1670 487 ἥρωας,

194 497 367 535 Φύλακον
397 513 437 536 τε
466 499 528 536 καὶ
549 497 743 536 Αὐτόνοον.
800 497 905 536 Nam
934 498 1187 537 manifestum
1211 503 1271 537 est
1291 497 1553 549 Herodotum,
1581 513 1671 538 uno

193 566 390 600 auctore
427 576 585 610 usum,
623 561 705 600 sive
741 561 965 601 sacerdotes
1000 561 1188 614 Delphici
1223 561 1272 600 de
1307 560 1518 601 Persarum
1553 576 1671 614 expe-

192 624 341 663 ditione
377 630 417 663 et
444 625 493 664 de
529 625 729 664 miraculis
764 625 841 664 illis
869 625 906 664 ei
934 626 1191 674 rettulerunt,
1227 630 1272 663 ut
1300 625 1372 663 viri
1401 625 1506 664 docti
1535 640 1671 665 omnes

193 693 367 737 sumunt,
397 689 480 728 sive
510 689 642 740 potius
671 688 798 727 eidem
828 689 979 728 auctori
1007 689 1109 728 hanc
1134 689 1398 728 narrationem
1417 688 1535 728 debet
1553 695 1671 741 atque

193 751 289 791 alias
319 752 412 791 huic
441 753 603 802 similes,
633 767 733 803 quas
762 752 802 791 in
823 752 973 792 Xerxis
1002 752 1095 792 belli
1124 752 1289 792 historia
1306 752 1473 805 profert:
1503 752 1552 792 de
1572 752 1671 792 Pro-

191 815 331 853 tesilao
361 816 542 867 Artaycti
571 821 734 867 propter
762 816 911 855 scelera
939 816 980 855 in
1010 816 1119 855 illum
1149 816 1360 856 commissa
1386 830 1555 868 poenam
1580 831 1671 868 por-

191 878 378 917 tendente
407 879 492 930 (IX
515 880 632 930 1⁴20),
669 879 717 918 de
747 893 859 919 sacra
887 880 1093 919 Minervae
1129 880 1217 919 olea
1249 879 1351 919 arcis
1380 879 1563 919 incendio
1592 894 1670 919 non

192 941 322 979 deleta
349 942 474 992 (VIII
496 944 583 993 55),
621 943 669 981 de
706 948 910 994 portento,
946 943 1053 994 quod
1088 949 1178 981 ante
1211 957 1387 995 pugnam
1416 942 1671 982 Salaminiam

191 1004 232 1042 in
267 1020 408 1057 campo
436 1006 620 1045 Thriasio
656 1006 785 1045 visum
820 1006 872 1045 sit
907 1006 1031 1057 (VIII
1058 1007 1147 1057 65),
1182 1006 1333 1045 Dicaeo
1368 1020 1509 1058 nempe
1545 1006 1671 1045 Athe-

192 1068 340 1117 niensi,
385 1083 503 1119 quem
546 1069 664 1108 huius
708 1070 887 1108 miraculi
930 1076 1132 1108 auctorem
1173 1070 1258 1121 ipse
1300 1069 1436 1108 laudat
1476 1068 1584 1122 (ἔφη
1629 1070 1671 1108 δὲ

192 1131 369 1173 Δικαῖος
399 1133 417 1170 ὁ
452 1131 701 1174 Θεοκύδεος
729 1133 818 1184 ἀνὴρ
845 1132 1052 1184 Ἀθηναῖος.
1083 1134 1203 1185 φυγάς
1231 1147 1270 1171 τε
1298 1133 1360 1170 καὶ
1387 1133 1483 1184 παρὰ
1512 1131 1672 1183 Μήδοισι

191 1194 340 1245 λόγιμος
375 1194 588 1246 (ψάμενος,
625 1199 748 1247 τυχεῖν
783 1195 866 1234 τότε
904 1196 973 1234 ἐὼν
1009 1197 1085 1247 ἅμα
1119 1195 1327 1247 Δημαρήτῳ
1364 1195 1401 1233 ἐν
1431 1200 1482 1247 τῷ
1512 1195 1670 1247 Θριασίῳ

191 1258 306 1310 πεδίῳ
326 1274 360 1297 κ.
377 1274 408 1297 τ.
424 1261 457 1297 λ.
505 1262 638 1298 ταῦτα
670 1260 735 1310 μὲν
764 1259 940 1302 Δικαῖος
969 1260 988 1298 ὁ
1018 1259 1267 1301 Θεοκύδεος
1287 1257 1416 1309 ἔλεγε
1445 1259 1494 1298 cf.
1510 1258 1573 1297 VI
1595 1260 1669 1298 137

186 1320 419 1364 Εκαταῖος
448 1337 466 1360 ο
486 1321 797 1397 Ηγησοίνδρου
828 1322 967 1375 ἔφησε
994 1338 1029 1361 κ.
1049 1338 1080 1361 τ.
1102 1325 1149 1368 λ.,
1185 1321 1332 1361 ἐκεῖνα(
1341 1322 1521 1364 Εκαταῖος
1549 1320 1670 1369 ἔλεΕε;

191 1384 253 1424 IV
278 1387 324 1423 13
355 1384 436 1438 ἔφη
470 1385 695 1438 Ἀριστέης
724 1386 743 1424 ὁ
763 1384 1156 1439 Καυστροβίου)-
1174 1385 1425 1425 manifestum
1454 1390 1515 1425 est
1542 1385 1670 1425 Hero-

192 1449 342 1496 dotum,
373 1463 463 1487 cum
492 1450 566 1488 soli
596 1464 641 1488 ea
668 1450 804 1489 testari
834 1456 1009 1501 possent,
1038 1450 1212 1499 finxisse,
1249 1450 1391 1489 milites
1419 1449 1601 1489 Persicos
1630 1450 1670 1488 in

192 1518 320 1551 castra
349 1526 528 1551 reversos
556 1512 606 1550 de
635 1513 836 1552 miraculis
869 1513 947 1552 illis
975 1513 1185 1552 rettulisse.
1242 1512 1306 1551 De
1334 1511 1510 1564 Phylaco
1539 1518 1670 1551 autem

191 1582 310 1627 atque
340 1577 529 1615 Autonoo
564 1577 651 1615 fieri
687 1591 766 1615 non
803 1577 933 1628 potuit
969 1583 1014 1616 ut
1046 1576 1204 1616 barbari
1232 1577 1288 1614 illi
1317 1576 1535 1627 quidquam
1564 1590 1670 1615 com-

191 1646 349 1692 pertum
379 1639 586 1687 haberent3
616 1654 752 1692 quare,
782 1640 1117 1692 quemadmodum
1139 1640 1341 1679 oraculum
1362 1640 1515 1692 Alyatti
1533 1639 1670 1679 datum

191 1706 323 1757 ipsum
345 1705 493 1757 Delphi
522 1705 799 1757 pronunciant,
828 1705 1124 1758 Thrasybulum
1152 1710 1286 1744 autem
1314 1704 1517 1744 Milesium
1546 1704 1594 1744 de
1623 1718 1670 1743 eo

191 1769 398 1808 certiorem
427 1769 575 1808 factum
601 1783 687 1809 esse
707 1769 857 1808 Milesii
883 1775 1057 1819 narrant,
1086 1769 1142 1808 ita
1161 1768 1211 1807 ad
1230 1768 1401 1807 militum
1420 1768 1670 1808 Persicorum

191 1833 456 1872 narrationem
486 1833 647 1872 nomina
675 1832 724 1871 ab
760 1833 808 1872 iis
837 1834 982 1872 omissa
1012 1832 1192 1885 Delphos
1221 1831 1452 1872 Herodotus
1480 1831 1670 1872 addentes

189 1897 295 1935 fecit.
352 1896 443 1935 Hoc
480 1898 549 1947 qui
578 1912 659 1935 non
688 1897 932 1948 probaverit,
971 1897 1006 1935 ei
1035 1896 1289 1935 statuendum
1324 1896 1417 1946 erit,
1452 1896 1552 1935 nihil
1593 1896 1670 1935 nisi

190 1959 266 1998 hoc
299 1960 430 2011 ipsum
467 1974 490 1998 a
529 1959 697 2012 Delphis
725 1958 975 1998 Herodotum
1011 1959 1227 2007 audivisse3
1266 1973 1357 1998 nam
1394 1959 1615 1998 luculenter
1648 1973 1671 1998 a

191 2023 361 2075 Delphis
391 2024 488 2062 alios
519 2029 700 2063 auctores
728 2023 930 2073 discernit,
960 2038 983 2061 a
1007 2022 1152 2074 quibus
1172 2023 1381 2074 acceperit,
1410 2023 1554 2062 milites
1573 2022 1670 2062 Per-

190 2087 315 2137 sicos,
359 2087 428 2138 qui
473 2087 729 2140 effugissent,
771 2087 878 2139 apud
920 2101 1014 2127 suos
1057 2086 1106 2126 de
1142 2087 1342 2126 miraculis
1377 2086 1455 2126 illis
1489 2101 1670 2126 narrasse

189 2151 335 2202 (ἔλεγον
369 2151 485 2197 οὔτοι,
521 2154 571 2193 ὡς
605 2152 680 2201 ἐγὼ
714 2152 943 2203 πυνθάνομαι
963 2180 971 2189 .
994 2180 1003 2189 .
1026 2179 1035 2189 .
1071 2151 1137 2189 δύο
1175 2151 1320 2193 ὁπλίτας
1341 2179 1350 2189 .
1373 2178 1382 2189 .
1404 2180 1413 2188 .
1448 2151 1599 2193 τούτους
1627 2151 1669 2189 δὲ

189 2215 272 2257 τοὺς
301 2215 366 2254 δύο
395 2215 532 2267 Δελφοὶ
560 2214 745 2266 λέγουσι);
782 2229 874 2254 nam
903 2214 1084 2268 Delphos
1118 2214 1244 2266 ipsos,
1282 2227 1372 2253 cum
1404 2213 1511 2266 apud
1540 2213 1670 2254 Hero-

189 2278 326 2317 dotum
356 2278 405 2317 de
434 2278 645 2318 Persarum
676 2277 928 2331 expeditione
956 2283 1181 2328 narrarent,
1217 2278 1339 2317 animi
1373 2291 1492 2317 causa
1519 2277 1570 2317 ad
1598 2278 1669 2317 mi-

188 2343 277 2381 lites
297 2342 480 2382 Persicos
508 2357 744 2394 provocasse
774 2348 813 2381 et
841 2343 1027 2381 mentitos
1056 2356 1155 2392 esse,
1185 2356 1252 2382 eos
1281 2342 1321 2381 in
1345 2347 1473 2381 castra
1492 2356 1670 2382 reversos

188 2405 237 2445 de
267 2406 467 2445 miraculis
502 2406 578 2445 illis
606 2407 818 2456 rettulisse,
848 2420 964 2445 nemo
994 2406 1196 2459 cogitabit.

295 2470 360 2508 Ita
401 2469 633 2509 Herodotus
675 2470 716 2508 in
759 2469 923 2509 historia
958 2470 1211 2522 Aegyptiaca
1253 2484 1316 2509 res
1358 2468 1449 2508 inde
1488 2484 1511 2508 a
1546 2468 1669 2508 Mene

187 2548 314 2584 usque
351 2533 402 2572 ad
432 2531 647 2573 Sethonem
677 2548 812 2585 regem
841 2533 965 2573 factas
993 2532 1056 2584 (II
1080 2533 1287 2584 99—141)
1314 2531 1538 2585 Aegyptios
1566 2532 1670 2573 solos

187 2597 285 2637 dicit
319 2610 499 2646 narrare,
545 2596 636 2634 inde
680 2602 811 2635 autem
852 2611 876 2635 a
910 2596 1203 2635 Psammeticho
1236 2596 1334 2645 (147
1364 2597 1430 2646 sq)
1474 2610 1522 2634 ex
1556 2596 1669 2635 cuius
