1844 2898
794 139 1058 180 -32-

193 248 339 288 bellum
376 248 412 287 ei
448 248 642 287 intulisse.
719 249 790 286 166
827 248 934 299 πρὸς
968 248 1014 285 δὲ
1043 248 1120 285 καὶ
1148 248 1256 286 τάδε
1285 247 1494 297 λέγουσι,
1529 244 1669 284 eodem

193 312 278 361 die,
320 326 400 363 quo
437 325 574 364 pugna
603 310 821 350 Salaminia
855 312 1065 350 commissa
1102 311 1173 360 sit,
1216 310 1411 350 Gelonem
1440 311 1529 350 illos
1557 308 1668 349 clade

193 375 385 414 affecisse.

302 455 351 493 cf.
380 454 447 493 III
471 455 545 494 108
575 454 723 504 λέγουσι
752 454 793 492 δὲ
821 454 883 492 καὶ
910 452 996 492 τόδε
1020 452 1251 506 Ἀράβιοι.*)

285 563 311 600 *)
335 563 403 594 Viri
428 562 514 593 docti
531 561 734 593 Herodotum
758 571 808 592 res
825 559 1070 592 Atheniensium
1094 559 1232 593 Athenis
1254 560 1332 602 ipsis
1356 560 1434 592 alias
1456 571 1477 593 a
1498 560 1669 592 curialibus

194 614 442 650 Alcmaeonidis.
466 614 545 645 alias
561 625 580 645 a
596 612 764 651 Philaidis,
787 624 924 655 quorum
942 612 1159 644 familiaritate
1176 623 1253 644 usus
1276 613 1327 646 sit.
1351 612 1514 644 audivisse
1535 623 1667 654 persua-

193 681 264 701 sum
282 669 411 701 habent.
447 667 518 699 Hoc
541 668 596 710 qui
613 667 720 706 sumit,
744 666 862 709 quibus
879 667 1065 699 auctoribus
1085 666 1359 709 Thucydidem
1382 677 1475 698 usum
1499 676 1569 697 esse
1584 665 1669 697 dicet

193 723 232 754 de
257 726 347 753 motu
367 720 548 761 Cyloniano
570 725 602 751 et
625 720 666 751 de
690 719 869 761 Hipparchi
893 720 989 751 caede
1012 720 1113 752 multo
1137 720 1268 752 uberius
1292 719 1459 751 Herodoto
1481 722 1669 750 narrantem

194 774 328 813 (Herod.
346 774 372 805 V
391 776 427 806 71
454 771 494 795 ¹-
520 772 622 805 Thuc.
640 772 653 804 I
672 774 746 811 1263
770 771 847 804 Her.
862 772 890 804 V
903 773 944 805 55
962 771 1174 818 Ἵππαρχον
1196 774 1248 805 τὸν
1266 771 1475 815 Πεισιστράτου
1487 771 1611 804 Ἱππίεω
1636 771 1668 802 δέ

192 832 245 860 τοῦ
273 830 419 870 τυράννου
448 826 598 868 ἀδελφεὸν
625 827 815 858 κτείνουσι
837 824 1127 870 Ἀριστογείτων
1158 828 1220 858 καὶ
1241 825 1435 870 Ἁρμόδιος
1463 826 1547 867 γένος
1570 824 1669 859 ἐόντες

192 882 230 912 τὰ
255 878 403 911 ἀνέκαθεν
428 877 598 921 Γεφυραῖοι.
623 896 662 899 -
686 877 787 910 Thuc.
804 878 850 910 VI
863 878 1025 916 54—60)?
1064 878 1286 920 Thucydidem
1303 889 1433 921 quoque
1455 889 1494 910 ex
1510 878 1668 910 nobilium

192 933 318 965 illorum
344 943 399 965 ore
414 942 466 964 res
489 931 612 973 patrias
628 931 789 973 accepisse
803 931 992 973 putabimus
1014 942 1056 962 an
1081 931 1199 963 famam
1216 931 1302 973 apud
1320 931 1534 963 Athenienses
1556 930 1668 972 vulga-

193 992 261 1018 tam
285 991 430 1017 secutum
454 995 541 1023 esse,
563 985 595 1016 in
620 995 702 1026 quos
725 984 872 1016 invectus
895 988 954 1023 est,
977 984 1066 1026 quod
1090 985 1129 1017 de
1151 985 1296 1027 ipsorum
1318 984 1467 1026 tyrannis
1489 982 1567 1015 nihil
1590 983 1668 1015 certi

193 1039 312 1069 scirent
340 1042 372 1068 et
394 1035 621 1077 Hipparchum
644 1036 813 1067 Pisistrato
842 1036 873 1067 in
896 1037 1070 1077 tyrannide
1093 1038 1283 1069 successisse
1305 1038 1515 1079 opinarentur
1542 1036 1599 1075 (VI
1615 1037 1668 1076 54,

194 1090 314 1122 Herod.
329 1089 355 1121 V
372 1089 413 1121 55
430 1087 598 1132 Ἵππαρχον
619 1087 772 1119 Ἰππίεω
796 1091 859 1119 τοῦ
882 1091 1066 1131 τυράννου
1091 1089 1314 1131 ἀδελφεὸν)ῗ
1352 1089 1415 1121 Sed
1434 1093 1570 1131 uterque
1585 1088 1667 1120 anti-

195 1143 317 1184 quioris
347 1142 515 1173 cuiusdam
543 1141 710 1183 scriptoris
740 1151 837 1182 opere
865 1152 942 1173 usus
970 1146 1033 1181 est,
1064 1153 1103 1173 ex
1133 1153 1198 1184 quo
1227 1142 1339 1174 eodem
1367 1141 1456 1174 fonte
1484 1144 1668 1180 manarunt,

194 1206 277 1237 quae
300 1194 388 1236 apud
400 1193 608 1226 Aristotelem
632 1197 664 1224 et
686 1194 824 1225 seriores
846 1194 1021 1235 scriptores
1044 1200 1173 1227 exstant
1195 1195 1236 1225 ab
1253 1194 1420 1226 Herodoto
1442 1205 1507 1226 non
1531 1193 1667 1225 tradita:

193 1248 286 1280 Polit.
304 1246 381 1279 VIII
408 1248 461 1287 12,
496 1246 609 1279 13151)
644 1247 717 1289 φασὶ
742 1244 949 1290 Πεισίστρατον
981 1248 1138 1289 ὑπομεῖναί
1165 1259 1238 1279 ποτε
1266 1246 1493 1291 προσκληθέντα
1518 1247 1604 1290 δίκην
1628 1246 1668 1281 εἰς
1699 1282 1707 1291 ·

190 1298 304 1343 Ἀρείου
334 1302 446 1340 πάγον;
492 1298 615 1330 Herod.
636 1298 651 1329 I
674 1300 714 1331 59
748 1298 956 1340 Πεισίστρατος
985 1300 1084 1332 ἐδέετο
1112 1304 1166 1332 τοῦ
1196 1301 1295 1344 δήμου
1324 1301 1463 1344 φυλακῆς
1489 1312 1566 1335 τινος
1595 1299 1668 1343 πρὸς

191 1353 283 1384 αὐτοῦ
312 1355 455 1395 κυρῆσαι,
491 1352 635 1395 πρότερον
672 1351 873 1393 εὐδοκιμήσας
902 1353 932 1382 έν
960 1356 997 1396 τῇ
1027 1353 1100 1396 πρὸς
1128 1351 1287 1396 Μεγαρέας
1316 1355 1461 1397 γενομένῃ
1493 1353 1666 1395 στρατηγίῃ,

191 1403 318 1436 Νίσαιάν
345 1418 377 1437 τε
408 1406 487 1437 ἐλὼν
516 1406 568 1436 καὶ
599 1405 676 1436 ἄλλα
706 1405 929 1447 ἀποδεξάμενος
957 1406 1074 1447 μεγάλα
1104 1406 1192 1449 ἕργαε
1222 1405 1300 1437 haec
1329 1405 1490 1438 Pisistrati
1524 1404 1666 1437 facinora

191 1456 278 1497 apud
295 1456 506 1488 Plutarchum
523 1456 601 1494 (Sol.
613 1467 637 1487 c.
656 1458 688 1493 S)
704 1461 737 1488 et
747 1457 770 1488 J
773 1457 915 1488 ustinum
932 1457 959 1494 (l
973 1458 1005 1496 8)
1022 1462 1171 1490 accurate
1182 1463 1214 1490 et
1229 1458 1300 1490 fuse
1315 1462 1448 1490 narrata
1463 1458 1608 1499 legimus.
1627 1475 1665 1479 -

190 1509 269 1540 Item
299 1519 406 1540 rerum
436 1507 617 1541 Sicularum
645 1512 678 1540 et
706 1508 891 1540 Italicarum
919 1510 1066 1541 notitiam
1097 1509 1126 1548 (I
1142 1511 1200 1542 166
1213 1520 1268 1552 sq,
1298 1510 1484 1549 V43—-47,
1506 1510 1552 1541 VI
1565 1511 1606 1542 22
1619 1520 1667 1551 sq,

190 1560 250 1592 VII
270 1561 428 1599 153-56)
458 1560 550 1592 facile
578 1561 729 1603 cognosci
760 1565 866 1602 potest
894 1572 934 1593 ex
957 1562 1071 1594 eodem
1099 1562 1188 1594 fonte
1209 1561 1411 1599 Herodotum
1436 1561 1598 1601 hausisse,
1627 1572 1667 1593 ex

190 1624 256 1655 quo
272 1613 453 1646 Antiochus
476 1613 701 1656 Syracusanus
724 1618 757 1645 et
773 1612 980 1655 Thucydides
1004 1613 1062 1651 (VI
1079 1615 1170 1653 1—5‚
1194 1614 1305 1654 mss,
1333 1617 1404 1652 116)
1428 1619 1461 1647 et
1476 1615 1532 1656 qui
1555 1618 1669 1655 postea

191 1667 338 1705 suerunt,
362 1677 401 1698 ex
425 1677 522 1709 opere
545 1666 736 1709 antiquioris
760 1666 913 1706 historici,
943 1665 1047 1708 qualis
1070 1666 1201 1709 Hippys
1224 1666 1391 1710 Rheginus
1414 1667 1476 1699 fuit
1506 1668 1550 1705 (v.
1568 1677 1600 1707 p.
1617 1668 1665 1702 8):

279 1719 431 1751 Antioch.
454 1719 487 1749 in
504 1719 684 1760 prooemio:
706 1718 857 1763 Ἀντίοχος
878 1720 951 1752 τάδε
968 1721 1135 1763 συνέγραψε
1152 1719 1360 1764 περὶῚταλίας
1376 1721 1417 1752 ἐκ
1439 1724 1512 1752 τῶν
1536 1720 1667 1764 ἀρχαί-

193 1784 243 1802 ων
273 1771 394 1813 λόγων
422 1772 459 1802 τὰ
482 1771 645 1802 πιστότατα
674 1772 727 1802 καὶ
749 1773 937 1812 σαφέστατα;
967 1782 1070 1814 comp.
1093 1772 1132 1805 fr.
1159 1774 1193 1804 11
1226 1784 1298 1804 cum
1321 1772 1421 1814 Hipp.
1444 1771 1547 1814 Rheg.
1570 1771 1611 1804 fr.
1632 1772 1667 1804 4:

193 1825 268 1856 Ant.
292 1823 330 1856 fr.
353 1824 451 1862 1,4e.
497 1823 576 1855 Her.
591 1822 740 1863 V11170‚
764 1823 842 1855 Ant.
859 1825 877 1856 9
904 1840 942 1845 —
967 1823 1073 1856 Her.I
1092 1826 1162 1857 167.

279 1885 402 1918 Herod.
424 1885 485 1918 VII
514 1887 573 1919 153
609 1887 787 1928 κτιζομένης
810 1885 905 1929 Γέλης
931 1888 988 1918 ὑπὸ
1011 1886 1140 1918 Λινδίων
1169 1900 1200 1919 τε
1224 1892 1286 1918 τῶν
1309 1888 1344 1918 ἐκ
1364 1885 1476 1919 Ῥόδου
1499 1887 1550 1918 καὶ
1571 1884 1669 1918 Ἀντι-

195 1940 309 1983 φήμου.
355 1938 564 1981 Thucydides
579 1938 624 1970 VI
640 1940 661 1971 4
683 1938 782 1970 refert
801 1938 1019 1980 quadraginta
1033 1940 1176 1981 quinque
1192 1940 1284 1971 annis
1306 1943 1380 1981 post
1395 1937 1572 1980 Syracusas
1594 1949 1667 1972 con—

193 1992 278 2024 ditas
294 1991 409 2024 Gelam
433 1992 475 2023 ab
491 1991 690 2034 Antiphemo
705 1990 835 2023 Rhodio
858 1996 891 2024 et
906 1991 1036 2024 Entimo
1052 1990 1198 2025 Cretensi
1213 1991 1374 2024 conditam
1399 1996 1431 2024 et
1444 1990 1549 2023 locum
1565 1990 1670 2033 primo

193 2043 329 2075 Lindios
352 2044 550 2076 nominatum
575 2055 654 2076 esse.
698 2043 800 2075 Plura
822 2044 863 2076 de
885 2044 1107 2076 conditoribus
1135 2045 1223 2086 apud
1247 2045 1341 2077 Diod.
1357 2044 1436 2076 VIII
1453 2046 1493 2077 25
1521 2048 1552 2076 et
1574 2043 1668 2075 Arte-

192 2107 279 2128 mon.
304 2095 452 2137 Pergam.
475 2096 515 2128 fr.
532 2098 551 2129 5
576 2095 695 2134 (Muell.
712 2095 765 2127 Fr.
782 2095 827 2127 IV
843 2097 931 2133 341).

281 2148 341 2181 VH
360 2149 420 2182 156
442 2149 566 2183 Herod.
588 2153 701 2182 narrat
724 2147 879 2182 Gelonem
902 2148 1043 2192 Megaris
1072 2149 1267 2193 expugnatis
1296 2149 1468 2192 optimates
1491 2148 1670 2192 Syracusas

192 2201 411 2239 transtulisse,
441 2202 574 2244 vulgum
604 2212 738 2244 peregre
760 2202 821 2234 sub
844 2213 964 2234 corona
992 2202 1183 2235 vendidisse.
1228 2202 1330 2235 Thuc.
1349 2202 1394 2234 VI
1408 2204 1428 2235 3
1452 2203 1509 2235 ὑπὸ
1533 2200 1670 2235 Γέλωνος

193 2256 361 2299 ἀνέστησαν
384 2255 419 2287 ἐκ
441 2258 495 2298 τῆς
516 2255 636 2290 πόλεως
658 2255 710 2286 καὶ
732 2255 852 2299 χώρας;
881 2253 966 2286 idem
996 2254 1071 2293 scit,
1098 2254 1133 2286 id
1156 2254 1275 2288 factum
1306 2266 1376 2288 esse
1398 2255 1461 2288 245
1481 2254 1574 2287 annis
1595 2256 1670 2295 post

192 2307 327 2349 Megara
349 2307 490 2339 condita.

279 2359 325 2391 VI
342 2360 383 2394 22
399 2370 437 2402 sp
460 2358 583 2392 Herod.
605 2359 705 2392 refert
727 2358 854 2391 Samios
877 2364 910 2391 et
931 2359 1073 2392 Milesios
1095 2370 1158 2397 eos,
1182 2361 1238 2401 qui
1260 2365 1336 2401 post
1357 2361 1481 2401 patriae
1504 2369 1669 2400 expugna-

193 2414 315 2446 tionem
331 2412 448 2446 Persas
470 2412 662 2455 effugerzmt,
685 2411 917 2444 Zanclaeorum
939 2411 1061 2454 oppido
1079 2423 1142 2444 una
1165 2423 1238 2444 cum
1253 2410 1572 2455 HippocrateGeloo
1594 2410 1668 2453 pross

193 2466 316 2497 ditione
344 2466 465 2506 potitos
496 2477 580 2504 esse3
611 2465 712 2497 Thuc.
729 2465 774 2497 VI
793 2467 813 2497 4
841 2465 964 2508 ὔστερον
993 2466 1077 2497 αὐτοὶ
1107 2466 1163 2498 υπὸ
1189 2466 1320 2507 Σαμίων
1348 2466 1400 2497 καὶ
1427 2464 1532 2498 ἄλλων
1552 2462 1670 2497 Ἰώνων

194 2518 399 2556 ἐκπίπτουσιν,
430 2518 459 2549 οἳ
479 2516 607 2559 Μήδους
635 2518 795 2560 φεύγοντες
823 2517 1010 2561 προσέβαλον
1038 2518 1177 2558 Σικελία,
1206 2519 1276 2552 τοὺς
1304 2518 1336 2548 δὲ
1360 2519 1499 2558 Σαμίους
1519 2516 1671 2553 Ἀναξίλας

189 2568 344 2615 “Ρηγίνων
366 2570 510 2614 τύραννος
533 2571 568 2602 οὒ
590 2570 695 2613 πολλῷ
720 2570 841 2614 ὕστερον
857 2570 998 2612 ἐκβαλὼν
1014 2571 1067 2602 καὶ
1081 2571 1136 2614 τὴν
1152 2569 1237 2602 πόλιν
1257 2569 1347 2605 αὐτὸς
1363 2568 1538 2612 Ευμμίκτων
1554 2568 1670 2613 ἀνθρώ-

193 2636 261 2656 πων
286 2625 399 2659 οἰκίσας
421 2621 585 2667 Μεσσήνην
610 2624 669 2655 ἀπὸ
691 2626 747 2667 τῆς
769 2625 878 2656 ἑαυτοῦ
901 2623 935 2655 τὸ
958 2623 1084 2668 ἀρχαῖον
1107 2623 1249 2665 πατρίδος
1271 2623 1345 2655 αὐτὸ
1367 2623 1524 2664 ὠνόμασε;
1549 2621 1670 2655 Herod.

192 2676 255 2709 VII
271 2678 332 2710 164
355 2675 501 2720 Ζάγκλην
523 2677 579 2720 τὴν
602 2677 633 2712 ἐς
654 2674 819 2721 Μεσσήνην
842 2676 1076 2718 μεταβαλοῦσαν
1098 2676 1133 2707 τὸ
1156 2674 1280 2717 οὔνομα-
