1844 2898
777 51 1043 95 -22-

170 158 262 197 filiis
296 158 494 197 interfecti
527 165 680 208 essent,
716 160 750 198 εἰ
776 161 848 210 χρή
879 175 912 197 τι
939 162 1029 197 τοῖσι
1058 160 1256 197 ἐποποιοῖσι
1283 158 1483 210 χρεόμενον
1513 158 1645 208 λέγειν,

171 235 256 259 eam
285 219 534 259 redditurum
563 226 604 260 et
632 236 681 260 ne
707 222 762 260 ita
780 221 942 272 quidem
962 226 1207 260 retenturum
1227 221 1361 270 fuisse,
1390 226 1435 259 ut
1453 222 1537 272 ipse
1556 235 1646 260 cum

171 298 218 321 ea
246 284 544 331 concumberet3
574 291 778 335 praeterea
806 300 885 323 non
916 285 1203 333 Alexandrum,
1232 284 1303 323 sed
1331 285 1507 323 Hectora
1535 285 1646 336 regni

170 345 357 385 heredem
385 347 527 395 fuisse3
564 362 654 386 eum
689 363 782 387 vero
819 348 925 387 credi
961 363 1040 387 non
1070 362 1187 400 posse
1216 348 1348 397 fratri,
1381 352 1513 387 tantae
1542 348 1647 387 cala-

171 410 319 448 mitatis
347 412 512 459 auctori,
540 426 663 462 regno
692 412 831 450 cedere
860 412 1050 458 voluisse3
1080 425 1181 461 quae
1211 412 1345 450 omnia
1362 411 1646 459 demonstrent,

172 472 369 510 Helenam
413 472 520 524 apud
555 473 750 512 Troianos
793 479 990 513 versatam
1027 488 1107 512 non
1143 487 1229 512 esse
1257 502 1266 511 .
1288 502 1297 511 .
1321 502 1330 511 .
1386 473 1459 511 ἀλλ’
1501 473 1545 511 οὐ
1579 473 1646 524 γὰρ

172 536 271 588 εἶχον
297 535 451 587 Ἑλένην
481 538 676 575 ἀποδοῦναι
704 537 791 576 οὐδὲ
821 537 969 588 λέγουσι
999 537 1137 575 αὐτοῖσι
1166 537 1228 587 τὴν
1259 537 1438 587 ἀλήθαιαν
1460 537 1645 574 ἐπίστευον

171 600 205 637 οἱ
224 597 425 649 θΈλληνες,
461 602 510 641 ὡς
545 600 610 650 μὲν
641 600 716 650 ἐγὼ
745 602 892 653 γνώμην
922 600 1189 652 ἀποφαίνομαι,
1226 602 1290 637 τοῦ
1318 599 1504 650 δαιμονίου
1533 613 1645 650 παρα-

172 662 430 708 σκευάζοντος,
479 663 575 705 ὅκως
621 658 868 715 πανωλεθρίῃΙ
899 663 1119 715 ἀπολόμενοι
1160 664 1369 715 καταφανὲς
1409 666 1514 701 τοῦτο
1557 666 1646 701 τοῖσι

171 727 392 776 ἀνθρώποισι
426 727 623 776 ποιήσωσι,
662 730 712 768 ὡς
744 731 815 765 τῶν
845 728 1013 777 μεγάλων
1044 727 1276 777 ἀδικημάτων
1307 727 1462 777 μεγάλαι
1491 726 1559 763 εἰσὶ
1586 727 1647 763 καὶ

172 790 208 827 αἱ
226 789 391 839 τιμωρίαι
409 789 506 840 παρὰ
525 792 595 827 τῶν
616 791 726 828 θεῶν.
742 813 792 817 -
806 789 961 829 Revera
981 789 1079 828 illud
1104 804 1127 827 a
1146 788 1418 828 sacerdotibus
1433 787 1646 839 Aegyptiis

171 852 370 891 audivisse
391 852 642 891 Herodotum
671 853 924 904 putabimus?
981 852 1062 892 Sed
1088 854 1232 902 omnia,
1261 867 1362 903 quae
1382 858 1526 900 narrat,
1555 858 1645 890 ante

172 930 263 954 eum
293 920 433 966 poetae
463 914 623 965 Graeci,
653 917 693 955 in
723 916 869 967 quibus
890 915 1141 955 Stesichorus
1160 915 1411 964 Himeraeus,
1439 916 1646 963 finxerant,

171 977 381 1027 Helenam,
410 977 506 1017 dum
532 978 678 1018 Graeci
706 979 867 1019 Troiam
897 979 1138 1027 obsiderent,
1167 979 1207 1017 in
1236 979 1422 1030 Aegypto
1450 983 1645 1017 versatam

170 1047 263 1093 post
291 1041 435 1080 Troiae
470 1042 689 1082 exscidium
719 1058 742 1082 a
770 1043 957 1082 Menelao
986 1042 1078 1081 inde
1106 1042 1309 1082 reductam
1338 1056 1423 1081 esse
1458 1040 1645 1093 (Stesich.

171 1120 233 1156 ap.
265 1105 368 1143 Plat.
398 1119 481 1156 rep.
510 1105 577 1143 IX
610 1107 672 1155 10,
703 1107 800 1155 586,
843 1106 984 1145 Hecat.
1014 1106 1061 1144 fr.
1084 1106 1160 1144 288
1199 1104 1405 1154 (Ἑλένειος
1431 1104 1540 1146 τόπος
1566 1106 1647 1156 περὶ

170 1172 222 1220 τῷ
248 1167 454 1220 Κανώβῳ),
490 1169 582 1218 318,
602 1170 700 1215 2673
740 1169 891 1208 Herod.
913 1169 975 1207 IV
997 1171 1069 1208 169
1099 1183 1122 1218 η
1145 1168 1294 1206 Πλατέα
1321 1171 1429 1218 νῆσος
1452 1167 1645 1213 ἐπικέεται,

168 1233 232 1282 τὴν
262 1230 405 1270 ἔκτισαν
437 1230 658 1283 Κυρηναῖοι,
693 1234 754 1271 καὶ
784 1233 821 1271 ἐν
851 1238 895 1283 τῇ
924 1233 1062 1284 ἠπείρῳ
1092 1231 1347 1273 Μενελάϊος
1375 1233 1510 1282 λιμήν
1540 1232 1646 1280 ἐστι).

171 1295 263 1333 Hoc
297 1295 452 1345 accepit
479 1294 730 1344 Herodotus,
772 1310 863 1334 cum
897 1295 1063 1334 Homeri
1103 1295 1294 1343 narratio,
1329 1299 1492 1346 propter
1527 1309 1646 1332 unam

173 1358 378 1397 mulierem
399 1357 593 1398 Troianos
620 1373 693 1410 per
720 1358 856 1398 decem
887 1373 1011 1398 annos
1030 1358 1123 1398 belli
1152 1364 1191 1397 et
1210 1357 1428 1398 obsidionis
1447 1357 1646 1397 molestias

169 1422 367 1473 patienter
393 1421 551 1470 tulisse,
591 1421 708 1460 modo
742 1437 790 1461 ne
820 1427 972 1474 raptam
1001 1421 1198 1460 Helenam
1228 1421 1460 1473 proderent,
1497 1422 1646 1472 puerile

168 1491 208 1524 et
247 1484 459 1523 ridiculum
501 1491 768 1524 commentum
811 1486 846 1524 ei
882 1485 1082 1524 videretur
1117 1499 1214 1524 esse.
1279 1483 1359 1523 Sed
1396 1483 1645 1523 Stesichorus

167 1549 338 1587 finxerat
388 1548 602 1600 imaginem
654 1548 833 1588 Helenae
885 1548 1158 1587 Alexandrum
1207 1548 1367 1587 Troiam
1417 1562 1549 1587 secum
1598 1563 1646 1586 ex

170 1612 360 1663 Aegypto
388 1610 548 1650 duxisse
583 1617 622 1650 et
650 1611 699 1650 de
729 1625 776 1650 ea
804 1611 982 1651 Graecos
1010 1616 1051 1650 et
1078 1611 1272 1650 Troianos
1300 1611 1446 1650 bellum
1474 1611 1577 1649 inter
1605 1625 1645 1650 se

168 1675 356 1727 gessisse3
392 1674 623 1714 Herodotus
657 1680 789 1714 autem
823 1675 993 1727 sumpsit
1029 1675 1221 1713 Troiam
1261 1689 1284 1712 a
1320 1673 1527 1713 Graecis
1563 1689 1646 1726 op-

169 1744 432 1790 pugnatam
462 1744 508 1776 et
537 1743 725 1790 captam
754 1738 1057 1789 deletamque
1086 1751 1212 1786 esse,
1241 1751 1333 1776 nam
1361 1737 1402 1775 id
1422 1738 1461 1776 in
1482 1737 1645 1776 dubium

171 1818 250 1841 non
293 1802 470 1851 vocavit,
513 1802 608 1841 etsi
651 1801 727 1840 illi
769 1802 1005 1840 Helenam
1048 1808 1095 1840 et
1136 1801 1351 1840 Menelai
1394 1816 1509 1852 opes
1551 1817 1646 1840 non

168 1871 418 1912 tenerent3
457 1879 548 1903 nam
586 1880 731 1904 numen
768 1865 944 1903 divinum
980 1865 1154 1916 putavit,
1191 1869 1237 1902 ut
1264 1864 1425 1903 Troiani
1454 1865 1646 1904 scelerum

170 1934 288 1968 antea
316 1928 616 1968 commissorum
637 1943 806 1980 poenam
826 1928 968 1967 darent
985 1928 1161 1979 ipsorum
1181 1927 1356 1977 interitu,
1384 1927 1573 1978 effecisse,
1602 1934 1646 1967 ut

171 1991 316 2031 Graeci
352 1992 641 2032 affirmantibus
677 2006 718 2031 se
753 1992 950 2032 Helenam
985 2006 1065 2032 non
1101 1990 1263 2040 habere,
1306 1991 1424 2030 fidem
1461 2007 1541 2031 non
1575 1993 1645 2031 tri-

168 2057 356 2106 buerent,
391 2056 462 2096 sed
497 2057 538 2096 in
574 2056 672 2096 urbe
707 2055 977 2110 oppugnanda
1006 2061 1045 2095 et
1072 2055 1176 2096 bello
1204 2055 1252 2096 iis
1280 2055 1485 2096 inferendo
1512 2070 1645 2108 perse—

171 2126 367 2170 verarent,
397 2120 490 2159 dum
512 2121 672 2159 Troiam
702 2126 1008 2173 expugnassent.
1067 2118 1165 2159 Suo
1194 2125 1354 2158 autem
1382 2120 1542 2159 Marte
1571 2120 1645 2159 di-

169 2185 331 2224 vinum
369 2189 527 2223 vatem
565 2184 820 2236 corrigere
857 2198 948 2223 cum
977 2198 1152 2223 summae
1180 2183 1411 2223 temeritatis
1439 2183 1645 2223 Herodoto

169 2248 389 2298 videretur,
426 2248 542 2287 finxit
577 2248 743 2287 aliorum
779 2254 818 2287 et
853 2247 1108 2287 barbarorum
1138 2246 1299 2298 quidem
1328 2247 1645 2287 doctissimorum

170 2312 436 2352 narrationem
466 2311 541 2351 sibi
571 2311 776 2363 probatam
805 2325 904 2351 esse.

277 2386 380 2424 Item
410 2385 519 2436 quod
546 2385 595 2424 de
625 2386 777 2438 origine
797 2386 946 2425 oraculi
970 2385 1178 2424 Dodonaei
1198 2390 1317 2435 atque
1336 2384 1541 2437 Ammonii
1561 2385 1643 2436 ipse

171 2450 382 2502 cogitavit,
427 2464 508 2489 non
545 2449 644 2490 duas
673 2451 807 2503 nigras
842 2449 1046 2490 columbas
1075 2464 1123 2489 ex
1151 2448 1283 2502 Libya
1310 2448 1558 2499 advolantes,
1600 2455 1645 2488 ut

172 2513 383 2553 Dodonaei
412 2513 619 2566 putabant,
649 2513 719 2554 sed
747 2514 846 2554 duas
875 2514 1059 2553 mulieres
1087 2513 1309 2565 Aegyptias
1330 2512 1445 2552 Jovis
1464 2513 1644 2553 Thebani
