1844 2898
761 102 1027 139 -ῃ-

153 207 337 248 inferiore
366 208 538 248 conchas
566 214 685 260 atque
713 209 792 248 alia
819 209 938 247 moris
967 208 1112 247 indicia
1140 208 1350 258 invenisse,
1384 223 1505 259 quare
1535 221 1623 259 per-

153 285 313 311 suasum
341 286 383 312 se
405 267 571 323 habere,
599 273 667 312 illa
693 273 780 312 loca
808 272 901 311 olim
931 286 1036 311 mare
1064 272 1186 310 fuisse
1214 272 1278 321 (fr.
1310 272 1363 322 3).

261 370 340 410 Sed
379 387 498 423 supra
525 372 696 411 vidimus
726 372 973 411 Herodotum
1003 372 1251 423 scriptorem,
1290 386 1407 421 quem
1437 372 1476 408 in
1504 371 1621 409 rebus

157 434 363 474 narrandis
391 440 549 475 secutus
578 436 640 485 sit,
670 450 792 474 unum
822 435 1036 484 nominare,
1065 440 1238 473 attamen
1268 434 1399 472 multis
1418 434 1513 471 locis
1532 448 1622 471 nar-

153 497 315 536 rationis
352 499 500 537 fontem
535 499 770 551 significare.
833 497 912 537 Sed
949 498 1091 550 partim
1127 498 1188 537 his
1224 498 1320 536 locis
1355 496 1621 546 scriptores

155 561 375 601 luculenter
389 562 562 614 respicit,
582 562 724 614 partim
744 561 922 613 quibus
942 561 1064 601 locis
1084 567 1326 610 auctores,
1347 575 1400 598 ex
1421 573 1621 610 quorum

152 640 233 664 ore
268 625 482 676 audivit,
519 626 800 678 significat,
836 626 895 665 his
924 627 1020 665 locis
1050 627 1145 677 ipsis
1174 625 1388 673 sententia,
1425 638 1542 674 quam
1572 622 1620 661 de

153 688 348 727 Herodoti
381 690 557 728 fontibus
594 689 882 728 defendendam
917 690 1125 741 proposui,
1163 689 1452 740 comprobatur.
1517 687 1620 724 Nam

151 767 241 791 cum
270 767 348 791 non
377 753 504 792 solum
532 753 766 802 viderimus,
803 768 903 804 quae
939 753 1045 804 apud
1074 768 1163 792 eum
1192 754 1397 805 leguntur,
1434 751 1619 802 pleraque

153 815 208 853 ita
245 821 472 866 comparata
506 830 610 864 esse,
654 821 697 853 ut
732 830 780 854 ex
815 817 1050 866 scriptorum
1085 816 1194 854 libris
1228 821 1430 866 comperta
1463 814 1498 851 ei
1535 828 1619 851 esse

151 878 373 917 necessario
402 878 653 917 statuendum
682 878 749 927 sit,
784 878 1000 917 sed'etiam
1029 894 1052 917 a
1085 879 1215 917 multis
1244 877 1501 930 scriptoribus
1527 875 1622 913 talia

155 947 239 979 tum
281 947 449 980 tractata
492 957 594 998 esse:
638 943 696 981 iis
738 943 882 991 locis,
933 943 1013 981 ubi
1057 943 1125 981 rei
1168 949 1392 981 narratae
1436 941 1620 979 fontem

152 1005 297 1056 plane
317 1005 479 1045 eodem
501 1005 635 1044 modo
656 1006 927 1057 significat,
948 1021 1037 1057 quo
1058 1020 1170 1045 usos
1190 1012 1377 1044 ceteros
1398 1009 1620 1043 auctores

152 1067 371 1108 Graecos
400 1075 446 1108 et
474 1069 684 1108 Latinos
722 1070 935 1120 itemque
971 1076 1165 1109 nostros
1201 1069 1516 1108 manifestum
1546 1072 1619 1105 est

152 1145 206 1169 ea
225 1132 529 1182 meminisse,
558 1147 681 1183 quae
710 1133 756 1171 in
776 1133 901 1172 libro
922 1133 1164 1184 legerant,
1195 1132 1395 1171 dubium
1418 1145 1510 1169 non
1531 1136 1618 1177 est,

151 1195 267 1245 quin
303 1201 350 1234 et
385 1196 491 1247 ipse
528 1196 812 1236 Herodotus
856 1197 1121 1248 scriptoris
1165 1195 1411 1235 cuiusdam
1454 1208 1619 1232 narra-

151 1257 330 1296 tionem
361 1259 611 1310 respiciat.
669 1259 748 1298 Ubi
780 1259 900 1311 igitur
928 1274 974 1297 ea
1001 1264 1192 1308 tractans,
1222 1273 1322 1309 quae
1352 1272 1429 1295 non
1459 1256 1509 1294 ad
1539 1270 1619 1294 ser-

151 1336 287 1360 mones
323 1336 413 1360 cum
447 1322 683 1372 quibusdam
720 1322 943 1362 hominibus
979 1322 1152 1371 habitos,
1192 1322 1261 1362 sed
1296 1321 1345 1360 ad
1383 1320 1617 1371 scriptorum

150 1384 270 1422 libros
307 1385 512 1423 referenda
547 1399 632 1423 esse
669 1386 754 1436 ipsa
787 1400 916 1424 rerum
945 1391 1189 1424 narratarum
1219 1391 1359 1422 natura
1386 1389 1618 1435 argumento

151 1453 222 1496 est,
251 1447 318 1486 ubi
347 1448 469 1499 igitur
497 1448 641 1487 talibus
670 1448 786 1487 rebus
817 1449 996 1500 proditis,
1027 1454 1065 1488 et
1094 1448 1253 1499 quidem
1282 1449 1361 1486 fere
1388 1460 1524 1485 omnes
1544 1445 1618 1483 loei

151 1510 377 1549 huiusmodi
407 1517 516 1560 sunt,
546 1511 659 1550 dicit:
696 1513 962 1551 nonnullos
993 1512 1211 1551 Graecos
1241 1526 1452 1559 narrare,
1482 1516 1549 1547 aut
1577 1509 1617 1546 in

150 1574 377 1615 universum
397 1590 421 1614 n
434 1576 665 1615 onnullos
687 1591 903 1625 narrare,
934 1591 1049 1615 nemo
1069 1576 1241 1628 negabit,
1269 1576 1480 1626 scriptores
1499 1587 1617 1624 quos—

150 1638 240 1676 dam
270 1638 555 1691 intellegendos
584 1654 681 1678 esse.
729 1640 791 1678 Ita
811 1656 844 1678 e.
864 1655 902 1691 g.
924 1641 1052 1692 ipsum
1075 1639 1381 1678 Herodotum
1404 1637 1617 1689 respiciens

151 1702 387 1741 Aristoteles
416 1703 625 1742 nonnullos
655 1718 810 1742 narrare
840 1703 945 1742 dicit.
977 1703 1092 1742 Polit.
1124 1703 1241 1741 V14.
1278 1701 1433 1742 12901).
1470 1702 1502 1740 εἰ
1526 1701 1618 1738 κατὰ

151 1766 307 1816 μέγεθος
349 1765 553 1816 διενέμοντο
596 1767 658 1808 τὰς
698 1768 832 1818 ἀρχάς,
881 1769 1001 1818 ὥσπερ
1045 1768 1081 1805 ἐν
1128 1766 1296 1816 Αἰθιοπίᾳ
1338 1766 1449 1817 φασί
1488 1779 1616 1805 τινες.

150 1828 301 1868 Herod.
329 1829 394 1868 III
423 1831 484 1867 20.
520 1830 554 1867 οἱ
583 1829 754 1871 Αἰθίοπες
790 1831 887 1868 οὖτοι
921 1832 980 1869 τὸν
1018 1830 1058 1868 ἂν
1095 1834 1165 1868 τῶν
1201 1831 1317 1868 ἀστῶν
1346 1830 1489 1880 κρίνωσι
1518 1827 1616 1879 μέγι-

151 1892 233 1930 στόν
271 1907 310 1930 τε
345 1892 435 1930 εἶναι
467 1894 528 1930 καὶ
555 1893 647 1930 κατὰ
676 1894 715 1930 τὸ
745 1894 905 1943 μέγαθος
940 1893 1037 1945 ἔχειν
1074 1895 1135 1943 τὴν
1167 1894 1288 1944 ἰσχὺν,
1325 1896 1446 1930 τοῦτον
1482 1893 1617 1933 ἀξιοῦσι

151 1955 366 2008 βασιλεύειν.
438 1954 517 1994 His
558 1956 680 2008 igitur
722 1956 818 1996 locis
862 1956 911 1995 ad
956 1957 1166 2008 scriptores
1208 1955 1401 2006 quosdam
1441 1953 1617 1993 Graecos

149 2018 378 2058 Herodotus
407 2025 613 2070 provocat:

257 2109 278 2148 I
304 2110 354 2148 65
390 2115 524 2148 narrat
550 2109 782 2161 Lycurgum
815 2110 990 2162 Delphos
1024 2112 1243 2163 profectum
1273 2127 1296 2149 a
1323 2110 1467 2162 Pythia
1495 2110 1617 2148 hono-

150 2173 258 2211 rifice
287 2173 527 2224 appellatum
557 2187 653 2212 esse.
702 2176 751 2214 ὡς
781 2174 879 2223 ἐσήϊε
910 2175 947 2214 ἐς
976 2175 1016 2212 τὸ
1036 2174 1206 2225 μέγαρον,
1237 2175 1314 2215 ἰθὺς
1333 2178 1355 2223 ὴ
1379 2174 1496 2223 Πυθίη
1519 2173 1617 2222 λέγει

150 2237 249 2273 τάδε.
297 2234 442 2282 ”Ηκεις,
472 2237 503 2274 ὦ
533 2235 720 2288 Λυκόοργε
749 2252 782 2274 κ.
800 2252 830 2274 τ.
848 2240 879 2274 λ.
936 2239 978 2275 οἱ
1015 2239 1091 2288 μὲν
1129 2240 1179 2288 δή
1218 2253 1339 2280 τινες
1373 2239 1479 2288 πρὸς
1512 2237 1615 2274 τού-

149 2312 266 2337 τοισι
294 2299 484 2350 λέγουσι
519 2301 592 2338 καὶ
626 2301 761 2352 φράσαι
796 2300 894 2353 αὐτῷ
928 2302 990 2351 τὴν
1023 2301 1161 2352 Πυθίην
1199 2303 1257 2340 τὸν
1292 2305 1350 2340 νῦν
1387 2303 1616 2339 κατεστεῶτα

148 2362 284 2413 κόσμον
314 2363 576 2415 Σπαρτιήτῃσι,
613 2366 668 2405 ὡς
706 2365 740 2401 ὃ>
761 2364 886 2402 αὐτοὶ
915 2365 1275 2416 Λακεδαιμόνιοι
1305 2366 1510 2415 λέγουσι,
1546 2366 1616 2402 Λυ-

147 2429 298 2478 κοῦργον
323 2427 364 2465 ἐκ
386 2426 534 2479 Κρήτης
553 2427 756 2478 ἀγαγέσθαι
775 2431 898 2466 ταῦτα.
930 2451 977 2456 --
1000 2428 1038 2467 V
1058 2430 1121 2467 41.
1166 2430 1187 2479 ἡ
1209 2430 1249 2467 δὲ
1270 2432 1318 2471 ὡς
1339 2428 1440 2467 ἔτεκε
1460 2428 1615 2479 Δωριέα,

149 2490 259 2531 ἰθέως
287 2489 381 2541 ἴσχει
402 2491 600 2542 Λεωνίδην,
630 2492 691 2529 καὶ
720 2491 811 2542 μετὰ
839 2495 961 2530 τοῦτον
993 2492 1101 2534 ἰθέως
1131 2493 1224 2544 ἴσχει
1253 2492 1521 2545 Κλεόμβροτον.
1578 2494 1617 2529 οἱ

149 2553 196 2591 δὲ
234 2554 295 2591 καὶ
331 2553 504 2605 διδύμους
538 2553 730 2604 λέγουσι
759 2553 1019 2608 Κλεόμβροτόν
1056 2570 1094 2594 τε
1130 2557 1190 2594 καὶ
1219 2556 1401 2606 Λεωνίδην
1432 2556 1614 2605 γενέσθαι.

148 2616 344 2656 Auctores
373 2616 629 2670 intellegendi
657 2623 769 2667 sunt,
804 2619 874 2669 qui
903 2618 951 2657 de
980 2617 1266 2672 Spartanorum
1298 2619 1415 2658 rebus
1450 2620 1616 2671 scripse·
