1844 2898
741 106 1008 144 -47-

242 210 306 250 IV
338 212 560 251 145—149
597 218 748 263 narrat,
791 212 990 264 quomodo
1022 212 1170 251 factum
1203 212 1271 262 sit,
1308 219 1353 252 ut
1379 213 1425 263 ii,
1460 213 1528 265 qui
1558 227 1606 252 ex

135 274 378 327 Argonautis
407 281 446 314 et
473 275 701 316 mulieribus
729 276 909 316 Lemniis
937 276 1021 316 nati
1049 281 1199 325 essent,
1230 291 1252 315 a
1280 276 1605 316 Lacedaemoniis

134 337 185 376 ad
212 337 384 378 Theram
412 339 581 378 insulam
609 339 865 379 obtinendam
894 340 1157 378 mitterentur.

246 426 323 464 150
370 426 501 479 μέχρι
549 427 614 478 μέν
656 442 717 465 νυν
765 428 925 466 τούτου
961 430 1037 466 τοῦ
1072 426 1213 477 λόγου
1252 426 1603 478 Λακεδαιμόνιοι

134 487 376 540 Θηραίοισι
403 490 495 528 κατὰ
523 490 635 528 ταύτὰ
663 490 823 541 λέγουσι,

240 553 285 591 τὸ
321 554 367 592 δὲ
402 554 481 592 ἀπὸ
513 554 677 592 τούτου
716 557 839 605 μοῦνοι
867 553 1055 607 Θηραῖοι
1084 554 1158 593 ὧδε
1188 554 1358 605 γενέσθαι
1389 553 1548 605 λέγουσι.

244 641 426 679 150-53
456 646 589 680 narrat
616 641 816 681 Theraeos
845 642 1003 681 oraculo
1025 642 1220 694 Delphico
1249 643 1378 681 iussos
1407 643 1601 681 coloniam

132 703 173 742 in
201 703 371 756 Libyam
400 704 555 744 misisse
583 704 715 754 Batto,
744 704 792 744 ab
821 705 899 744 illis
925 705 1077 758 Minyis
1106 706 1285 755 oriundo,
1315 706 1427 745 duce.

243 791 318 829 154
360 794 472 830 ταῦτα
501 792 543 830 δὲ
572 791 723 843 Θηραῖοι
757 792 916 842 λέγουσι.
973 793 1022 830 τὰ
1066 793 1097 831 δ’
1118 793 1322 831 ἐπίλοιπα
1355 797 1428 831 τοῦ
1464 793 1599 844 λόγου

132 854 379 906 συμφέρονται
406 853 477 906 ἤδη
509 854 694 906 Θηραῖοι
723 854 1028 907 Κυρηναίοισι.

239 941 424 992 Denique
444 940 671 993 Cyrenaeos
699 942 803 981 solos
833 956 992 980 narrare
1012 942 1120 991 dicit,
1149 942 1219 981 sed
1239 957 1306 981 eos
1326 957 1415 981 cum
1436 943 1601 982 Therais

129 1019 209 1044 non
237 1005 482 1044 consentire:
513 1035 522 1043 .
545 1035 553 1044 .
575 1035 584 1043 .
607 1005 851 1057 συμφέρονται
880 1005 1031 1057 Θηραῖοι
1051 1004 1300 1057 Κυρηναίοισι.
1357 1005 1600 1058 Κυρηναῖοι

129 1068 210 1119 γὰρ
247 1068 297 1106 τὰ
329 1069 426 1119 περὶ
460 1067 630 1107 Βάττου
664 1069 878 1119 οὐδαμῶς
913 1069 1217 1120 ὁμολογέουσι
1251 1069 1490 1121 Θηραίοισι.

234 1158 436 1211 Utrosque
462 1160 584 1212 igitur
609 1160 829 1199 sciscitatus
855 1159 1119 1211 discrepantia
1148 1159 1323 1198 audivit?
1373 1160 1599 1210 Videamus,

126 1223 224 1274 quid
267 1223 413 1274 quique
456 1229 627 1262 narrent.
690 1224 824 1274 Atque
866 1224 1034 1262 Theraei
1077 1223 1235 1274 quidem
1278 1224 1373 1262 hoc:
1416 1223 1600 1274 Grinum,

126 1286 393 1325 Theraeorum
419 1299 565 1338 regem,
595 1300 684 1325 cum
705 1286 884 1337 Delphos
903 1287 1088 1335 venisset,
1118 1286 1236 1324 Batto
1256 1286 1499 1338 Polymnesti
1517 1288 1599 1326 filio

103 1349 356 1398 «comitante,
386 1363 409 1387 a
437 1349 582 1401 Pythia
608 1349 759 1388 iussum
789 1349 981 1388 coloniam
1010 1350 1050 1388 in
1079 1349 1249 1401 Libyam
1279 1349 1443 1399 ducere,
1481 1350 1599 1388 deum

125 1412 368 1460 obsecrasse,
403 1418 448 1451 ut
484 1413 539 1451 illi
575 1412 616 1451 id
650 1413 854 1465 negotium
891 1412 1112 1460 mandaret3
1148 1413 1317 1451 Thearei
1346 1418 1478 1451 autem
1508 1428 1597 1452 cum

125 1475 198 1513 deo
227 1489 305 1513 non
335 1475 692 1526 obtemperassent,
720 1489 792 1527 per
819 1481 969 1527 septem
1000 1489 1123 1513 annos
1152 1475 1192 1513 in
1222 1489 1357 1513 eorum
1385 1481 1491 1514 terra
1519 1491 1595 1514 non

124 1538 272 1589 pluisse
301 1552 517 1589 omnesque
546 1538 705 1577 arbores
735 1538 952 1585 exaruisse3
982 1537 1030 1576 de
1060 1552 1139 1588 qua
1158 1538 1379 1576 calamitate
1401 1552 1490 1577 cum
1510 1554 1597 1578 ora-

123 1601 255 1640 culum
284 1602 587 1651 consuluissent,
617 1601 748 1640 denuo
777 1601 905 1641 iussos
934 1601 1128 1640 coloniam
1157 1601 1198 1639 in
1227 1601 1396 1652 Libyam
1426 1602 1593 1651 mittere,

124 1670 335 1716 postquam
379 1665 590 1704 nonnullos
633 1679 723 1704 cum
765 1664 937 1704 Corobio
982 1664 1163 1704 Cretensi
1212 1679 1257 1703 eo
1299 1665 1596 1716 praemisissent

122 1733 241 1779 atque
269 1728 327 1767 illi
355 1728 618 1777 rettulissent,
647 1729 792 1767 elect-os
822 1742 869 1766 ex
898 1728 1083 1767 universo
1111 1728 1259 1779 populo
1288 1728 1449 1767 colonos
1478 1729 1594 1767 dimi-

121 1792 239 1841 sisse,
283 1792 373 1830 εἶναι
410 1792 450 1830 δέ
489 1805 611 1843 σφεων
646 1793 707 1830 καὶ
742 1791 906 1843 ἡγεμόνα
941 1793 1002 1831 καὶ
1032 1792 1185 1844 βασιλέα
1215 1790 1364 1830 Βάττον.
1421 1792 1517 1830 οὕτω
1552 1794 1592 1831 δὲ

121 1854 312 1892 στέλλουσι
354 1854 419 1892 δύο
461 1854 766 1905 πεντηκοντέρους
808 1855 847 1896 ἐς
893 1855 956 1904 τὴν
1001 1854 1180 1892 Πλατέαν.
1243 1854 1334 1892 Hoc
1377 1854 1591 1905 Cyrenaei:

119 1916 376 1956 Phronimam
395 1917 582 1956 Etearchi
602 1916 804 1957 Cretensis
833 1917 938 1970 regis
965 1917 1088 1956 filiam
1118 1932 1141 1955 a
1160 1923 1270 1969 patre
1290 1916 1408 1956 domo
1429 1918 1593 1957 eiectam

120 1980 369 2019 Themisonti
403 1980 582 2018 Theraeo
616 1981 802 2019 traditam
836 1995 942 2029 esse,
985 1986 1030 2018 ut
1064 1981 1162 2018 mari
1197 1981 1509 2031 demergeretur,
1545 1982 1593 2019 ab

119 2043 186 2082 illo
215 2049 347 2083 autem
376 2049 570 2082 servatam
599 2049 717 2095 atque
743 2043 1001 2096 Polymnesto
1029 2043 1208 2082 Theraeo
1238 2042 1463 2081 mandatam
1493 2057 1592 2093 esse,

118 2120 237 2156 quem
266 2121 314 2144 ex
342 2121 390 2145 ea
417 2107 581 2145 Battum
609 2108 816 2159 genuisse3
846 2108 969 2156 illum,
1000 2121 1089 2145 cum
1119 2107 1323 2145 oraculum
1352 2107 1591 2158 Delphicum

118 2174 281 2221 propter
307 2170 467 2222 linguae
496 2169 777 2226 haesitantiam⁸
800 2170 975 2220 adiisset,
1004 2184 1028 2209 a
1046 2170 1361 2222 Pythiaiussum
1381 2184 1467 2208 esse
1488 2171 1592 2208 colo-

118 2233 224 2271 niam
253 2233 294 2271 in
323 2233 494 2285 Libyam
523 2233 680 2272 ducere.
737 2236 787 2275 ὡς
815 2234 856 2272 δὲ
885 2234 979 2272 κατὰ
1006 2234 1119 2272 ταύτὰ
1148 2234 1318 2277 ἐθέσπιζέ
1348 2235 1383 2271 οἱ
1411 2235 1471 2272 καὶ
1505 2233 1590 2285 πρό·

116 2309 240 2347 τερον,
275 2294 397 2348 οἴχετο
433 2296 566 2347 μεταξὺ
600 2297 781 2334 ἀπολιπὼν
818 2296 837 2334 ὁ
866 2294 1004 2338 Βάττος
1034 2296 1072 2338 ἐς
1100 2297 1163 2346 τὴν
1193 2297 1317 2348 θήραν.
1377 2298 1451 2334 156
1482 2297 1590 2347 μετὰ

117 2359 167 2397 δὲ
202 2359 322 2411 αὐτῷ
354 2374 399 2397 τε
432 2359 547 2411 τούτῳ
581 2360 643 2398 καὶ
679 2363 786 2398 τοῖσι
825 2359 1003 2398 ἄλλοισι
1031 2359 1273 2411 Θηραίοισι
1312 2359 1588 2411 συνεφέρετο

115 2413 423 2472 παλιγκότως.
480 2423 691 2473 ἀγνοεῦντες
733 2424 775 2461 δὲ
820 2423 883 2464 τὰς
925 2423 1115 2474 συμφορὰς
1150 2422 1306 2473 ἔπεμπον
1351 2423 1389 2463 ἐς
1423 2423 1590 2474 Δελφοὺς

113 2485 195 2537 περὶ
236 2487 306 2524 τῶν
348 2484 554 2538 παρεόντων
597 2487 755 2524 κακῶν..
789 2486 813 2536 ἡ
849 2485 891 2524 δὲ
926 2485 1046 2537 Πυθίη
1087 2498 1150 2539 σφι
1187 2485 1323 2538 ἔχρησε
1360 2485 1588 2536 συγκτίζουσι

116 2547 245 2600 Βάττῳ
275 2547 447 2600 Κυρήνην
476 2551 540 2598 τῆς
569 2549 708 2601 Λιβύης
736 2548 881 2600 ἄμεινον
909 2550 1067 2601 πρήξειν.
1110 2549 1329 2587 ἀπέστελλον
1359 2548 1450 2599 μετὰ
1477 2552 1590 2587 ταῦτα

112 2612 172 2650 τὸν
193 2610 329 2650 Βάττον
357 2611 392 2649 οἱ
412 2610 565 2663 Θηραῖοι
593 2611 659 2650 δύο
689 2611 1015 2663 πεντηκοντέροισι.
1065 2611 1178 2650 Haec
1206 2626 1301 2650 num
1322 2625 1457 2649 revera
1485 2611 1588 2650 inter
