1844 2898
757 121 807 127 -
864 94 915 136 53
971 119 1022 124 -

160 216 240 254 quo
254 201 454 254 Ephorus,
473 216 522 241 ex
536 202 742 242 cuiusdam
756 202 959 255 scriptoris
978 203 1167 255 ξυγγραφῇ
1181 202 1322 253 Ἀττικῇ
1342 210 1410 243 aut
1426 203 1626 255 Περσικοῖς,

160 265 266 305 huno
299 269 430 305 autem
465 265 593 305 solum
625 266 739 318 sequi
771 266 949 307 omisisse
979 271 1018 305 et
1044 281 1094 306 ex
1122 266 1198 305 alio
1232 265 1338 305 fonte
1373 282 1452 307 non
1479 268 1627 308 discre-

159 328 307 380 pantia,
336 328 406 367 sed
425 329 542 380 plane
562 344 665 368 nova
683 330 986 381 exprompsisse,
1015 330 1141 382 magis
1160 329 1197 368 ei
1216 329 1393 380 probata,
1421 331 1515 380 quia
1542 331 1626 369 eius

158 391 347 430 intererat
374 391 472 430 scire
500 391 723 431 Miltiadem
745 392 884 431 >scelus
913 398 1049 431 contra
1076 392 1215 431 Parios
1242 392 1499 440 commisisse3
1535 408 1625 431 nam

159 455 217 493 ita
246 454 475 506 intellegere
517 454 594 494 sibi
625 455 733 494 visus
766 460 842 505 est,
884 455 991 507 quod
1024 455 1089 494 ille
1122 460 1259 494 contra
1292 469 1359 494 eos
1401 469 1482 493 rem
1526 457 1625 495 male

157 516 293 569 gessit.
348 516 490 567 Itaque
518 516 628 566 illud,
658 531 747 556 cum
775 518 894 569 vulgo
921 518 977 557 ita
1003 518 1052 557 de
1081 517 1264 557 Miltiade
1292 517 1480 556 traditum
1509 524 1624 568 esset,

159 594 295 620 omnes
323 579 518 630 Graecos‚
552 580 627 619 hoc
654 586 804 630 autem,
834 580 1086 633 singulariter
1113 580 1162 619 de
1189 580 1308 619 Paria
1336 580 1530 620 Miltiadis
1558 596 1624 620 ex-

158 643 358 697 peditione
387 657 411 681 a
431 643 622 695 scriptore
650 643 823 694 quodam
849 643 1078 696 τερατολόγῳ
1107 650 1324 694 narratum,
1354 644 1492 684 Parios
1520 645 1624 684 solos

157 721 314 748 narrare
345 705 458 745 dixit.

265 819 330 857 Ita
361 823 512 857 ceteros
541 817 717 856 Graecos
751 831 909 856 narrare
943 817 1056 867 dicit,
1090 818 1332 857 Aristodemi
1366 819 1510 858 liberos
1540 820 1623 858 Do-

157 882 307 921 rienses
334 881 376 921 in
399 880 616 920 Laconiam
644 879 816 930 duxisse,
844 880 1182 920 Lacedaemonios
1209 882 1326 930 solos,
1355 896 1446 920 eum
1474 882 1622 933 ipsum:

160 945 219 985 VI
240 946 290 984 52
327 943 683 995 Λακεδαιμόνιοι
719 943 1037 995 ὁμολογέοντες
1070 944 1217 983 οὐδενὶ
1244 950 1407 996 ποιητῇ
1437 945 1623 995 λέγουσι

158 1008 265 1047 αὐτὸν
288 1006 546 1061 Ἀριστόδημον
568 1035 577 1045 .
599 1035 608 1045 .
630 1035 640 1045 .
684 1007 733 1045 53
768 1010 880 1045 ταῦτα
908 1006 1257 1059 Λακεδαιμόνιοι
1290 1007 1438 1058 λέγουσι
1472 1012 1623 1059 μοῦνοι

151 1071 386 1122 Ἑλλήνων.
446 1070 552 1109 Illud
581 1084 722 1122 nempe
751 1085 775 1109 a
802 1071 981 1122 plurimis
1008 1070 1231 1109 fabularum
1260 1071 1517 1122 scriptoribus
1544 1077 1623 1110 tra-

156 1134 282 1174 ditum
316 1139 418 1184 erat,
451 1134 525 1173 hoc
552 1134 790 1173 recentiores
818 1138 958 1185 poetae
984 1133 1231 1186 genealogici
1257 1139 1513 1181 novaverant3
1550 1134 1624 1173 hoc

156 1199 243 1237 loco
271 1197 607 1236 Lacedaemonios
636 1197 739 1236 solos
768 1202 946 1235 auctores
974 1197 1124 1248 profert
1151 1197 1384 1236 narrationis
1413 1197 1463 1235 de
1490 1198 1624 1250 Argea

156 1276 205 1300 ex
233 1260 431 1310 Cadmeis,
461 1265 584 1299 matre
612 1259 873 1312 Eurysthenis
902 1265 941 1298 et
968 1259 1116 1307 Procli3
1145 1259 1208 1298 IV
1230 1261 1304 1298 145
1325 1274 1372 1311 sq
1400 1260 1447 1298 de
1466 1260 1624 1313 Argeae

155 1326 277 1363 fratre
312 1323 443 1362 Thera
483 1337 647 1362 narrans
688 1323 739 1362 ad
772 1322 1108 1362 Lacedaemonios
1145 1328 1185 1361 et
1218 1323 1267 1362 ad
1301 1323 1500 1362 Theraeos
1532 1338 1623 1375 pro-

156 1393 287 1427 vocat:
329 1386 434 1426 unde
473 1386 659 1439 cognosci
692 1392 841 1438 potest⁷
879 1401 979 1438 quae
1013 1387 1113 1426 ratio
1146 1387 1248 1425 inter
1276 1385 1495 1438 Spartiatas
1522 1387 1623 1436 illos,

156 1466 256 1502 quos
292 1450 592 1489 Lacedaemone
624 1450 854 1489 Herodotus
895 1451 1097 1501 convenit,
1140 1457 1180 1489 et
1218 1451 1325 1489 illam
1358 1451 1622 1489 narrationem

156 1514 361 1554 exstiterit.
405 1537 454 1541 —
496 1514 598 1553 Item
641 1513 689 1552 de
721 1514 911 1566 Lycurgo
949 1513 1148 1553 diversum
1185 1514 1225 1552 in
1260 1514 1420 1553 modum
1460 1528 1622 1552 narrans

155 1578 317 1617 alterius
345 1577 580 1616 narrationis
604 1582 783 1616 auctores
802 1577 1140 1616 Lacedaemonios
1160 1578 1268 1628 ipsos
1286 1576 1432 1626 laudat,
1461 1577 1621 1615 alterius

156 1641 333 1681 Graecos
361 1640 589 1680 nonnullos:
623 1640 644 1679 1
665 1641 714 1679 65
744 1641 958 1693 Λυκούργου
989 1640 1159 1683 ἐλθόντος
1188 1641 1226 1682 ἐς
1244 1640 1421 1693 Δελφοὺς,
1445 1642 1500 1682 ὡς
1521 1640 1621 1691 ἐσήϊε

157 1706 196 1748 ἐς
222 1706 263 1744 τὸ
292 1704 462 1757 μέγαρον,
492 1705 571 1746 ἰθὺς
598 1705 621 1754 ἡ
651 1703 770 1755 Πυθίη
802 1704 902 1754 λέγει
929 1705 1015 1742 τάδε
1036 1733 1046 1742 .
1068 1733 1076 1742 .
1098 1733 1108 1742 .
1137 1705 1177 1742 οἱ
1206 1705 1283 1755 μὲν
1314 1705 1363 1755 δή
1393 1719 1507 1746 τινες
1533 1705 1621 1756 πρὸς

155 1769 312 1807 τούτοισι
347 1768 534 1819 λέγουσι
565 1768 627 1806 καὶ
662 1769 797 1819 φράσαι
826 1767 924 1820 αὐτῷ
952 1768 1015 1818 τὴν
1045 1767 1186 1818 Πυθίην
1214 1768 1273 1805 τὸν
1302 1770 1360 1805 νῦν
1389 1770 1622 1805 κατεστεῶτα

154 1831 290 1884 κόσμον
324 1832 586 1884 Σπαρτιήτῃσι,
629 1834 684 1874 ὡς
718 1831 749 1870 δ’
769 1831 890 1870 αὐτοὶ
923 1830 1265 1883 Λακεδαιμόνιοι
1306 1831 1505 1881 λέγουσι,
1550 1831 1619 1869 Λυ-

154 1898 304 1946 κοῦργον
344 1894 648 1946 ἐπιτροπεύσαντα
682 1895 899 1947 Λεωβώτεω
932 1894 1152 1946 ἀδελφιδέου
1188 1895 1252 1945 μὲν
1290 1895 1429 1932 ἑωυτοῦ
1458 1923 1467 1932 .
1498 1923 1507 1932 .
1539 1923 1548 1932 .
1579 1895 1620 1932 ἐκ

155 1957 304 2011 Κρήτης
331 1957 535 2008 ἀγαγέσθαι
562 1960 674 1996 ταῦτα
701 1973 735 1996 κ.
751 1972 782 1996 τ.
799 1960 831 1996 λ.
888 1957 1109 2009 Utramque
1135 1957 1346 2009 scriptores
1363 1957 1620 1996 tradiderant.

154 2022 258 2061 Nam
286 2022 374 2061 illos
401 2023 497 2064 τινάς
524 2036 639 2060 nemo
668 2022 845 2073 profecto
865 2021 1020 2072 putabit
1037 2022 1212 2073 privatos
1231 2022 1424 2072 quosdam
1443 2022 1621 2061 homines

154 2084 330 2125 Graecos
362 2085 502 2135 fuisse,
541 2085 778 2136 quibuscum
813 2084 1042 2124 Herodotus
1077 2085 1126 2124 de
1159 2085 1347 2139 Lycurgo
1381 2086 1620 2137 colloquium

153 2149 353 2196 habuerit3
387 2148 482 2188 item
512 2164 535 2187 a
562 2148 889 2189 Lacedaemoniis
917 2164 1020 2199 eum,
1049 2163 1150 2200 quae
1180 2149 1229 2188 de
1257 2149 1447 2202 Lycurgo
1475 2156 1619 2199 narrat,

153 2225 232 2250 non
265 2211 464 2251 audivisse
497 2225 587 2251 cum
620 2226 691 2263 per
718 2226 760 2251 se
788 2217 1097 2251 consentaneum
1126 2212 1178 2251 sit
1216 2213 1284 2262 (cf.
1315 2213 1377 2250 VI
1409 2213 1482 2250 137
1516 2216 1618 2250 τοῦτο

153 2274 219 2314 οὐκ
253 2273 331 2327 ἔχω
358 2276 494 2328 φράσαι
520 2276 611 2326 πλὴν
641 2275 685 2314 τὰ
713 2275 912 2327 λεγόμενα,
948 2275 1000 2314 ὅτι
1021 2274 1221 2318 (Εκαταῖος
1250 2274 1367 2328 ἔφησε
1397 2305 1406 2314 .
1428 2304 1437 2313 .
1459 2304 1469 2314 .
1499 2278 1549 2318 ὡς
1577 2277 1617 2314 δὲ

153 2337 255 2376 αὐτοὶ
287 2337 469 2390 Ἀθηναῖοι
501 2339 667 2389 λέγουσιν
689 2331 731 2377 ζ.
751 2340 799 2390 .),
841 2344 926 2377 tum
960 2338 1052 2377 inde
1086 2345 1269 2391 apparet,
1306 2338 1412 2390 quod
1446 2353 1491 2377 ea
1520 2339 1618 2390 ipsa,

152 2416 253 2454 quae
271 2401 610 2443 Lacedaemonios
638 2417 796 2443 narrare
818 2402 925 2453 dicit,
954 2402 1062 2455 apud
1080 2403 1304 2456 scriptores,
1333 2403 1401 2455 qui
1419 2408 1510 2455 post
1528 2417 1618 2443 eum

151 2467 324 2516 fuerunt,
354 2466 488 2505 multis
506 2466 625 2506 rebus
645 2472 760 2506 aucta
777 2467 944 2519 legimus
972 2466 1156 2518 (Aristot.
1186 2467 1303 2506 Polit.
1322 2467 1366 2505 ΙΙ
1385 2469 1444 2516 10,
1464 2468 1561 2505 1271
1579 2467 1617 2517 b,

151 2528 203 2568 id.
224 2543 287 2582 ap.
316 2529 422 2569 Plut.
443 2528 541 2582 Lyc.
572 2530 609 2579 5,
637 2528 787 2582 Ephor.
816 2529 862 2568 fr.
883 2531 935 2569 64
964 2543 1026 2582 ap.
1048 2528 1178 2569 Strab.
1207 2529 1251 2568 X
1277 2530 1371 2577 4813
1401 2530 1478 2569 alia
1504 2545 1618 2582 prae—

150 2599 258 2633 terea
285 2593 334 2633 de
361 2593 550 2646 Lycurgo
578 2608 638 2645 ap.
661 2594 827 2633 Aristot.
855 2594 900 2633 H
919 2596 957 2644 9,
989 2595 1141 2644 1270a,
1170 2595 1263 2633 item
1291 2594 1340 2633 de
1359 2594 1618 2646 Theopompo
