1844 2898
797 76 1060 114 ...42-

184 198 309 231 morte
338 191 387 230 ab
416 191 464 230 iis
493 192 708 243 accepisse,
737 191 808 231 sed
836 191 1032 231 Herodoti
1059 191 1177 231 etiam
1206 197 1353 241 aetate,
1382 205 1472 230 cum
1501 190 1662 230 Thuriis

184 255 224 294 in
254 253 432 293 Siciliam
463 254 603 293 itinere
632 255 737 294 facto
768 269 834 294 eos
864 255 1147 304 sciscitaretur,
1182 255 1280 294 nihil
1310 260 1556 306 compertum
1593 254 1662 293 ha—

185 317 316 357 buisse
345 317 422 357 nisi
451 317 493 356 id
521 318 649 357 solum
684 318 975 357 »Hamilcarem
1004 317 1301 370 ἀφανισθῆναιιὲ

291 404 355 443 Ita
383 404 432 443 de
462 403 632 443 Milesiis
661 418 845 453 narrans,
880 403 1080 455 quomodo
1109 418 1199 443 cum
1228 404 1390 456 Alyatte
1418 402 1565 443 bellum
1592 418 1662 455 ge-

184 472 315 505 rentes
344 467 548 505 oraculum
569 466 810 517 Delphicum
838 466 896 504 illi
920 466 1058 504 datum
1086 467 1127 504 in
1151 480 1267 505 usum
1287 481 1403 505 suum
1423 466 1663 505 contulerint

181 530 220 579 (I
256 530 442 580 17—22),
472 529 621 568 oraculi
649 529 775 581 ipsius
806 529 985 581 Delphos
1013 535 1135 569 testes
1164 530 1333 582 profert,
1367 529 1661 581 Thrasybulum

182 598 314 630 autem
334 592 465 630 Mileti
494 597 707 642 tyrannum
737 592 779 629 id
804 593 1043 643 comperisse
1063 593 1245 631 Milesios
1265 607 1422 631 narrare
1442 592 1550 641 dicit,
1579 597 1662 630 tota

182 655 336 705 reliqua
364 654 589 694 narratione
611 655 666 705 (v.
688 669 727 706 p.
754 655 819 705 16)
847 655 887 694 in
914 669 1051 694 eorum
1072 655 1249 694 neutrius
1267 655 1493 694 testimonio
1512 654 1659 706 posita:

290 755 322 778 c.
354 743 396 779 19
426 740 545 778 refert
573 740 809 778 duodecimo
839 740 932 779 belli
960 755 1086 790 anno,
1123 755 1213 779 cum
1242 741 1491 780 Milesiorum
1527 745 1660 792 segete

182 818 205 841 a
224 802 352 855 Lydis
381 803 544 842 incensa
563 802 770 842 Minervae.
790 803 996 843 Assessiae
1026 804 1217 856 templum
1245 803 1338 856 igne
1367 808 1525 856 captum
1545 808 1660 852 esset,

182 867 383 918 Alyattem
413 865 560 906 Sardes
596 881 799 906 reversum
834 868 875 905 in
905 868 1085 906 morbum
1115 867 1302 906 incidisse
1332 873 1371 906 et
1398 867 1500 906 malo
1528 867 1660 918 ingra—

179 935 363 968 vescente
383 930 563 981 Delphos
585 930 751 979 misisse,
778 931 846 980 qui
868 929 986 969 deum
1007 931 1277 978 consulerent3
1307 930 1453 981 quibus
1474 929 1659 981 Pythiam

182 1007 222 1031 se
253 1007 532 1044 responsuram
563 1007 647 1032 esse
671 1007 851 1045 negasse,
882 998 1095 1043 antequam
1112 994 1304 1045 templum
1324 993 1423 1032 illud
1441 993 1661 1032 restitutem

179 1061 283 1094 esset
313 1083 513 1094 .......
543 1059 633 1094 τοῖσι
667 1056 690 1106 ἢ
719 1056 830 1107 πυῦίη
867 1056 933 1094 οὐκ
971 1055 1042 1108 ἔφη
1081 1057 1231 1108 χρήσειν
1260 1083 1523 1094 .........
1548 1055 1658 1094 Δελ-

181 1122 272 1170 φῶν
316 1118 416 1158 οἶδα
459 1120 548 1170 ἐγὼ
591 1119 710 1157 οὕτω
753 1119 950 1161 ἀκούσας
985 1119 1170 1169 γενέσθαι.
1221 1118 1435 1170 Μιλήσιοι
1472 1119 1513 1157 δὲ
1553 1119 1659 1157 τάδε

178 1183 464 1232 προστιθεῖσι
493 1182 650 1219 τούτοισι
670 1209 680 1219 .
702 1209 712 1219 .
735 1211 743 1219 .
766 1210 775 1219 .
804 1182 1068 1220 Periandrum
1097 1182 1146 1221 de
1166 1183 1340 1231 oraculo,
1370 1182 1478 1232 quod
1507 1181 1659 1233 Alyatti

179 1244 317 1283 datum
347 1251 470 1294 esset,
505 1245 712 1283 certiorem
748 1245 902 1283 factum
931 1244 1183 1297 Thrasybulo
1211 1246 1388 1295 Milesio,
1422 1244 1659 1283 amicissimo

178 1322 263 1356 suo,
294 1308 334 1346 id
363 1308 580 1357 nuntiasse,
611 1314 656 1346 ut
683 1308 774 1346 inde
804 1309 975 1359 aliquem
1006 1309 1178 1348 fructum
1208 1314 1367 1360 eaperat
1387 1337 1396 1346 .
1418 1336 1427 1346 .
1450 1338 1459 1346 .
1482 1336 1491 1346 .
1519 1306 1658 1358 Μιλή-

179 1383 268 1408 σιοι
299 1371 380 1422 μὲν
409 1386 470 1409 νυν
500 1371 611 1409 οὕτω
641 1370 828 1421 λέγουσι
857 1371 1086 1421 γενέσθαι.
1144 1372 1190 1410 21
1220 1370 1472 1422 Ἀλυάττης
1500 1371 1569 1416 δὲ,
1609 1371 1660 1411 ὥς

178 1435 212 1470 οἱ
239 1438 354 1472 ταῦτα
383 1434 610 1485 ἐξηγγέλθη,
641 1434 770 1472 αὐτίκα
800 1433 972 1485 ἔπεμπε
1001 1436 1145 1486 κήρυκα
1175 1435 1213 1476 ἐς
1242 1434 1404 1485 Μίλητον
1436 1433 1659 1486 βουλόμενος

178 1497 333 1539 σπονδὰς
361 1497 585 1548 ποιήσασθαι
613 1496 744 1549 χρόνον
775 1498 858 1535 ὅσον
888 1497 929 1535 ἄν
958 1498 1018 1535 τὸν
1047 1498 1133 1549 νηὸν
1163 1497 1362 1549 οἰκοδομέῃ
1392 1512 1426 1535 κ.
1442 1511 1473 1534 τ.
1490 1498 1522 1534 λ,

178 1588 314 1598 .....
337 1561 491 1613 Δελφῶν
522 1561 684 1602 ἀκούσας
704 1589 713 1598 .
735 1590 743 1599 .
767 1589 776 1598 .
807 1561 855 1599 cf.
878 1560 941 1599 IV
960 1562 1008 1599 14
1037 1560 1171 1611 ἤκουον
1202 1560 1309 1611 λόγον
1346 1561 1382 1598 ἐν
1414 1559 1657 1611 Προκοννήσῳ

176 1624 238 1661 καὶ
268 1622 417 1676 Κυζίκῳ
440 1652 449 1661 .
472 1652 480 1661 .
503 1654 511 1661 .

290 1708 472 1760 Sumpsit
517 1709 618 1747 hanc
654 1710 920 1748 narrationem
956 1709 1185 1748 Herodotus
1230 1724 1277 1748 ex
1314 1710 1421 1761 ὥροις
1455 1709 1658 1760 Μιλησίων,

176 1772 341 1812 historia
370 1772 596 1822 Milesiaca,
633 1786 681 1811 ex
718 1787 798 1824 quo
835 1772 973 1812 eodem
1007 1773 1116 1813 fonte
1146 1773 1232 1812 aliis
1260 1773 1357 1813 locis
1386 1773 1518 1812 hausit
1545 1787 1658 1812 occa-

175 1836 286 1876 sione
322 1836 415 1875 data
443 1851 505 1876 res
541 1836 721 1876 Milesias
759 1843 999 1876 memorans:
1044 1837 1111 1875 IX
1140 1839 1188 1877 97
1226 1836 1455 1887 (Philistum
1491 1836 1658 1876 Pasiclis

176 1900 302 1937 filium
342 1914 422 1938 una
459 1910 549 1938 cum
578 1899 705 1938 Neleo
733 1900 920 1938 Miletum
950 1899 1174 1939 condidisse
1203 1906 1321 1951 atque
1351 1899 1507 1939 Cereris
1535 1899 1658 1938 Eleu-

175 1963 298 2002 siniae
328 1978 485 2002 sacrum
514 1963 622 2014 apud
650 1963 838 2015 Mycalen
868 1963 987 2002 situm
1023 1963 1271 2015 aedificasse)
1306 1963 1346 2003 V
1372 1966 1422 2004 99
1459 1963 1658 2014 (Milesios

180 2027 489 2075 Eretriensibus,
520 2041 609 2065 cum
640 2033 777 2065 contra
805 2026 1088 2066 Chalcidenses
1115 2027 1263 2066 bellum
1291 2033 1487 2079 gererent,
1513 2026 1659 2065 auxilio

173 2090 346 2140 venisse)
389 2090 409 2128 I
445 2091 493 2129 18
536 2090 649 2139 (item
687 2089 798 2129 Chiis
842 2089 1031 2129 adversus
1065 2090 1313 2142 Erythraeis,
1358 2096 1448 2129 ante
1483 2090 1657 2142 Alyattis

172 2154 358 2204 bellum),
408 2153 448 2191 V
477 2156 526 2192 95
562 2154 585 2204 ξ
615 2155 637 2192 6
682 2153 1001 2205 (Thrasybulum
1037 2154 1286 2193 Milesiorum
1329 2160 1543 2206 tyrannum
1580 2153 1657 2192 Pe-

172 2216 333 2255 riandro
364 2217 554 2266 suasisse,
583 2222 628 2255 ut
661 2218 905 2269 potentiores
940 2217 1046 2256 cives
1083 2231 1103 2256 e
1141 2217 1271 2257 medio
1307 2218 1481 2268 tolleret)
1514 2216 1576 2256 VI
1605 2217 1652 2255 21

171 2281 372 2330 (Milesios
392 2278 565 2331 Sybarin
595 2295 618 2318 a
638 2278 882 2320 Crotoniatis
901 2279 1070 2320 deletam
1090 2281 1265 2333 graviter
1282 2280 1421 2321 tulisse
1441 2295 1656 2333 corumque

171 2344 418 2382 iuventutem
464 2343 628 2395 capillos
672 2343 932 2394 praecidisse)
964 2343 1005 2382 V
1034 2344 1084 2382 28
1122 2344 1298 2395 (duabus
1332 2343 1530 2383 aetatibus
1565 2349 1656 2382 ante

171 2407 428 2459 Aristagorae
465 2407 729 2447 defectionem
764 2407 948 2447 Milesios
984 2407 1230 2448 dissensione
1273 2408 1378 2447 civili
1417 2421 1655 2460 magnopere

170 2471 344 2509 afflictos
373 2471 580 2510 Pariorum
617 2471 849 2522 prudentia,
890 2472 958 2522 qui
996 2486 1063 2510 eos
1098 2472 1224 2521 cives,
1260 2472 1328 2523 qui
1364 2486 1480 2523 agros
1508 2472 1656 2523 optime

171 2534 302 2573 cultos
338 2534 551 2584 haberent,
587 2534 643 2572 rei
682 2534 863 2586 publicae
899 2533 1233 2576 administrandae
1268 2534 1570 2587 praefecissent,
1605 2533 1657 2573 ad

170 2598 387 2636 feliciorem
416 2597 689 2637 condicionem
719 2603 922 2637 revocatos
951 2612 1057 2645 esse3
1087 2599 1180 2637 item
1210 2599 1276 2637 alii
1301 2598 1533 2650 scriptores:
1563 2597 1656 2637 Ari-
