<?xml version="1.0" encoding="UTF-8"?>
<!DOCTYPE html PUBLIC "-//W3C//DTD XHTML 1.0 Transitional//EN"
    "http://www.w3.org/TR/xhtml1/DTD/xhtml1-transitional.dtd">
<html xmlns="http://www.w3.org/1999/xhtml" xml:lang="en" lang="en">
 <head>
  <title>
</title>
<meta http-equiv="Content-Type" content="text/html;charset=utf-8" />
  <meta name='ocr-system' content='tesseract 3.04.00' />
  <meta name='ocr-capabilities' content='ocr_page ocr_carea ocr_par ocr_line ocrx_word'/>
</head>
<body>
  <div class='ocr_page' id='page_1' title='image "4738084_0031.png"; bbox 0 0 1844 2898; ppageno 0'>
   <div class='ocr_carea' id='block_1_1' title="bbox 817 66 1082 105">
    <p class='ocr_par' dir='ltr' id='par_1_1' title="bbox 817 66 1082 105">
     <span class='ocr_line' id='line_1_1' title="bbox 817 66 1082 105; baseline 0 -11"><span class='ocrx_word' id='word_1_1' title='bbox 817 66 1082 105; x_wconf 65' lang='lat'>—18-</span> 
     </span>
    </p>
   </div>
   <div class='ocr_carea' id='block_1_2' title="bbox 202 171 1710 732">
    <p class='ocr_par' dir='ltr' id='par_1_2' title="bbox 202 171 1710 732">
     <span class='ocr_line' id='line_1_2' title="bbox 204 171 1680 225; baseline -0.001 -13"><span class='ocrx_word' id='word_1_2' title='bbox 204 172 456 212; x_wconf 84' lang='lat' dir='ltr'>Herodotum</span> <span class='ocrx_word' id='word_1_3' title='bbox 476 171 759 222; x_wconf 85' lang='lat' dir='ltr'>Athenienses,</span> <span class='ocrx_word' id='word_1_4' title='bbox 787 173 973 225; x_wconf 86' lang='lat' dir='ltr'>Argivos,</span> <span class='ocrx_word' id='word_1_5' title='bbox 1003 172 1148 211; x_wconf 87' lang='lat' dir='ltr'>multos</span> <span class='ocrx_word' id='word_1_6' title='bbox 1168 178 1372 223; x_wconf 80' lang='lat' dir='ltr'>praeterea</span> <span class='ocrx_word' id='word_1_7' title='bbox 1401 173 1441 212; x_wconf 89' lang='lat' dir='ltr'>in</span> <span class='ocrx_word' id='word_1_8' title='bbox 1460 172 1547 211; x_wconf 75' lang='lat' dir='ltr'>aliis</span> <span class='ocrx_word' id='word_1_9' title='bbox 1566 172 1680 224; x_wconf 88' lang='lat' dir='ltr'>oppi-</span> 
     </span>
     <span class='ocr_line' id='line_1_3' title="bbox 204 231 1710 287; baseline -0.001 -12"><span class='ocrx_word' id='word_1_10' title='bbox 204 236 266 275; x_wconf 83' lang='lat' dir='ltr'>dis</span> <span class='ocrx_word' id='word_1_11' title='bbox 302 235 480 275; x_wconf 80' lang='lat' dir='ltr'>Graecos</span> <span class='ocrx_word' id='word_1_12' title='bbox 520 236 665 276; x_wconf 81' lang='lat' dir='ltr'><strong>adiisse</strong></span> <span class='ocrx_word' id='word_1_13' title='bbox 700 242 741 274; x_wconf 82' lang='lat' dir='ltr'>et</span> <span class='ocrx_word' id='word_1_14' title='bbox 774 236 1055 287; x_wconf 77' lang='lat' dir='ltr'>interrogasse,</span> <span class='ocrx_word' id='word_1_15' title='bbox 1099 231 1179 285; x_wconf 72' lang='lat' dir='ltr'>qua</span> <span class='ocrx_word' id='word_1_16' title='bbox 1206 235 1255 274; x_wconf 86' lang='lat' dir='ltr'>de</span> <span class='ocrx_word' id='word_1_17' title='bbox 1291 249 1411 275; x_wconf 83' lang='lat' dir='ltr'>causa</span> <span class='ocrx_word' id='word_1_18' title='bbox 1446 235 1680 275; x_wconf 80' lang='lat' dir='ltr'><strong>Cleomenes</strong></span> <span class='ocrx_word' id='word_1_19' title='bbox 1707 279 1710 281; x_wconf 53' lang='grc'><strong>,</strong></span> 
     </span>
     <span class='ocr_line' id='line_1_4' title="bbox 204 298 1681 351; baseline -0.001 -12"><span class='ocrx_word' id='word_1_20' title='bbox 204 305 335 340; x_wconf 90' lang='lat' dir='ltr'>mente</span> <span class='ocrx_word' id='word_1_21' title='bbox 355 299 550 340; x_wconf 87' lang='lat' dir='ltr'>alienatus</span> <span class='ocrx_word' id='word_1_22' title='bbox 570 305 686 349; x_wconf 87' lang='lat' dir='ltr'>esset,</span> <span class='ocrx_word' id='word_1_23' title='bbox 714 313 830 340; x_wconf 81' lang='lat' dir='ltr'>nemo</span> <span class='ocrx_word' id='word_1_24' title='bbox 851 298 1060 351; x_wconf 45' lang='lat' dir='ltr'>cogitabi&amp;</span> <span class='ocrx_word' id='word_1_25' title='bbox 1088 298 1160 338; x_wconf 85' lang='lat' dir='ltr'>sed</span> <span class='ocrx_word' id='word_1_26' title='bbox 1179 312 1269 338; x_wconf 85' lang='lat' dir='ltr'>cum</span> <span class='ocrx_word' id='word_1_27' title='bbox 1289 298 1514 339; x_wconf 73' lang='lat' dir='ltr'>Cleomenis</span> <span class='ocrx_word' id='word_1_28' title='bbox 1533 299 1681 339; x_wconf 83' lang='lat' dir='ltr'>scelera</span> 
     </span>
     <span class='ocr_line' id='line_1_5' title="bbox 203 362 1679 414; baseline 0 -13"><span class='ocrx_word' id='word_1_29' title='bbox 203 369 336 402; x_wconf 89' lang='lat' dir='ltr'>mente</span> <span class='ocrx_word' id='word_1_30' title='bbox 356 363 625 414; x_wconf 80' lang='lat' dir='ltr'>perlustraret,</span> <span class='ocrx_word' id='word_1_31' title='bbox 653 368 859 414; x_wconf 89' lang='lat' dir='ltr'>propter</span> <span class='ocrx_word' id='word_1_32' title='bbox 885 376 1007 412; x_wconf 87' lang='lat' dir='ltr'>quae</span> <span class='ocrx_word' id='word_1_33' title='bbox 1037 367 1212 413; x_wconf 87' lang='lat' dir='ltr'>putare</span> <span class='ocrx_word' id='word_1_34' title='bbox 1241 363 1350 413; x_wconf 90' lang='lat' dir='ltr'>quis</span> <span class='ocrx_word' id='word_1_35' title='bbox 1371 368 1540 414; x_wconf 89' lang='lat' dir='ltr'>posset</span> <span class='ocrx_word' id='word_1_36' title='bbox 1569 362 1679 400; x_wconf 91' lang='lat' dir='ltr'>deo-</span> 
     </span>
     <span class='ocr_line' id='line_1_6' title="bbox 202 424 1680 477; baseline -0.001 -12"><span class='ocrx_word' id='word_1_37' title='bbox 202 441 304 465; x_wconf 88' lang='lat' dir='ltr'>rum</span> <span class='ocrx_word' id='word_1_38' title='bbox 340 440 512 465; x_wconf 89' lang='lat' dir='ltr'>numen</span> <span class='ocrx_word' id='word_1_39' title='bbox 547 425 604 464; x_wconf 88' lang='lat' dir='ltr'>ad</span> <span class='ocrx_word' id='word_1_40' title='bbox 642 425 881 464; x_wconf 89' lang='lat' dir='ltr'>insaniam</span> <span class='ocrx_word' id='word_1_41' title='bbox 916 439 1018 463; x_wconf 89' lang='lat' dir='ltr'>eum</span> <span class='ocrx_word' id='word_1_42' title='bbox 1052 424 1299 477; x_wconf 83' lang='lat' dir='ltr'>adegisse,</span> <span class='ocrx_word' id='word_1_43' title='bbox 1342 425 1607 465; x_wconf 75' lang='lat' dir='ltr'>Athenienses</span> <span class='ocrx_word' id='word_1_44' title='bbox 1641 431 1680 464; x_wconf 90' lang='lat' dir='ltr'>et</span> 
     </span>
     <span class='ocr_line' id='line_1_7' title="bbox 203 487 1680 542; baseline -0.001 -13"><span class='ocrx_word' id='word_1_45' title='bbox 203 490 397 542; x_wconf 83' lang='lat' dir='ltr'>Argivos,</span> <span class='ocrx_word' id='word_1_46' title='bbox 434 488 541 539; x_wconf 89' lang='lat' dir='ltr'>quod</span> <span class='ocrx_word' id='word_1_47' title='bbox 577 488 626 527; x_wconf 87' lang='lat' dir='ltr'>ad</span> <span class='ocrx_word' id='word_1_48' title='bbox 664 501 843 539; x_wconf 89' lang='lat' dir='ltr'>quosque</span> <span class='ocrx_word' id='word_1_49' title='bbox 880 487 1123 539; x_wconf 79' lang='lat' dir='ltr'>pertinebat,</span> <span class='ocrx_word' id='word_1_50' title='bbox 1155 488 1402 539; x_wconf 83' lang='lat' dir='ltr'>proferentes</span> <span class='ocrx_word' id='word_1_51' title='bbox 1435 488 1546 536; x_wconf 83' lang='lat' dir='ltr'>fecit3</span> <span class='ocrx_word' id='word_1_52' title='bbox 1590 502 1680 528; x_wconf 87' lang='lat' dir='ltr'>cum</span> 
     </span>
     <span class='ocr_line' id='line_1_8' title="bbox 204 550 1679 604; baseline -0.003 -11"><span class='ocrx_word' id='word_1_53' title='bbox 204 560 336 593; x_wconf 86' lang='lat' dir='ltr'>autem</span> <span class='ocrx_word' id='word_1_54' title='bbox 364 558 567 604; x_wconf 88' lang='lat' dir='ltr'>praeterea</span> <span class='ocrx_word' id='word_1_55' title='bbox 593 550 851 590; x_wconf 87' lang='lat' dir='ltr'>Cleomenem</span> <span class='ocrx_word' id='word_1_56' title='bbox 887 552 927 590; x_wconf 91' lang='lat' dir='ltr'>in</span> <span class='ocrx_word' id='word_1_57' title='bbox 956 565 1111 590; x_wconf 87' lang='lat' dir='ltr'>sacrum</span> <span class='ocrx_word' id='word_1_58' title='bbox 1141 551 1402 603; x_wconf 87' lang='lat' dir='ltr'>Delphicum,</span> <span class='ocrx_word' id='word_1_59' title='bbox 1438 565 1679 591; x_wconf 87' lang='lat' dir='ltr'>commune</span> 
     </span>
     <span class='ocr_line' id='line_1_9' title="bbox 204 613 1679 666; baseline -0.001 -11"><span class='ocrx_word' id='word_1_60' title='bbox 204 616 331 655; x_wconf 91' lang='lat' dir='ltr'>illud</span> <span class='ocrx_word' id='word_1_61' title='bbox 352 615 548 666; x_wconf 88' lang='lat' dir='ltr'>quidem</span> <span class='ocrx_word' id='word_1_62' title='bbox 569 615 780 653; x_wconf 87' lang='lat' dir='ltr'>omnium</span> <span class='ocrx_word' id='word_1_63' title='bbox 801 613 1118 663; x_wconf 87' lang='lat' dir='ltr'>Graecorum,</span> <span class='ocrx_word' id='word_1_64' title='bbox 1138 615 1266 653; x_wconf 81' lang='lat' dir='ltr'>scelus</span> <span class='ocrx_word' id='word_1_65' title='bbox 1286 615 1529 654; x_wconf 88' lang='lat' dir='ltr'>commisisse</span> <span class='ocrx_word' id='word_1_66' title='bbox 1548 615 1679 664; x_wconf 84' lang='lat' dir='ltr'>sciret,</span> 
     </span>
     <span class='ocr_line' id='line_1_10' title="bbox 202 678 1678 732; baseline -0.001 -14"><span class='ocrx_word' id='word_1_67' title='bbox 202 685 359 732; x_wconf 86' lang='lat' dir='ltr'>praeter</span> <span class='ocrx_word' id='word_1_68' title='bbox 378 679 466 717; x_wconf 90' lang='lat' dir='ltr'>illos</span> <span class='ocrx_word' id='word_1_69' title='bbox 495 678 659 728; x_wconf 87' lang='lat' dir='ltr'>reliquis</span> <span class='ocrx_word' id='word_1_70' title='bbox 679 678 847 716; x_wconf 77' lang='lat' dir='ltr'>Graecis</span> <span class='ocrx_word' id='word_1_71' title='bbox 876 678 1071 716; x_wconf 84' lang='lat' dir='ltr'>universis</span> <span class='ocrx_word' id='word_1_72' title='bbox 1100 678 1335 716; x_wconf 86' lang='lat' dir='ltr'>sententiam</span> <span class='ocrx_word' id='word_1_73' title='bbox 1365 678 1413 716; x_wconf 87' lang='lat' dir='ltr'>de</span> <span class='ocrx_word' id='word_1_74' title='bbox 1432 678 1499 716; x_wconf 88' lang='lat' dir='ltr'>illo</span> <span class='ocrx_word' id='word_1_75' title='bbox 1527 678 1678 718; x_wconf 84' lang='lat' dir='ltr'>tribuit.</span> 
     </span>
    </p>
   </div>
   <div class='ocr_carea' id='block_1_3' title="bbox 196 771 1681 2347">
    <p class='ocr_par' dir='ltr' id='par_1_3' title="bbox 196 771 1681 2347">
     <span class='ocr_line' id='line_1_11' title="bbox 310 771 1677 824; baseline -0.001 -12"><span class='ocrx_word' id='word_1_76' title='bbox 310 774 376 813; x_wconf 90' lang='lat' dir='ltr'>III</span> <span class='ocrx_word' id='word_1_77' title='bbox 397 775 446 811; x_wconf 84' lang='lat'>47</span> <span class='ocrx_word' id='word_1_78' title='bbox 484 773 603 811; x_wconf 88' lang='lat' dir='ltr'>refert</span> <span class='ocrx_word' id='word_1_79' title='bbox 637 772 998 821; x_wconf 87' lang='lat' dir='ltr'>Lacedaemonios,</span> <span class='ocrx_word' id='word_1_80' title='bbox 1034 779 1085 811; x_wconf 90' lang='lat' dir='ltr'>ut</span> <span class='ocrx_word' id='word_1_81' title='bbox 1119 771 1269 811; x_wconf 89' lang='lat' dir='ltr'>Samii</span> <span class='ocrx_word' id='word_1_82' title='bbox 1305 773 1473 812; x_wconf 88' lang='lat' dir='ltr'>dicant</span> <span class='ocrx_word' id='word_1_83' title='bbox 1508 774 1577 824; x_wconf 80' lang='grc' dir='ltr'>(ὡς</span> <span class='ocrx_word' id='word_1_84' title='bbox 1613 774 1677 824; x_wconf 81' lang='grc' dir='ltr'>μὲν</span> 
     </span>
     <span class='ocr_line' id='line_1_12' title="bbox 201 834 1678 888; baseline -0.001 -12"><span class='ocrx_word' id='word_1_85' title='bbox 201 837 331 888; x_wconf 83' lang='grc' dir='ltr'>Σάμιοι</span> <span class='ocrx_word' id='word_1_86' title='bbox 367 837 554 887; x_wconf 71' lang='grc' dir='ltr'>λέγουσι),</span> <span class='ocrx_word' id='word_1_87' title='bbox 597 834 761 874; x_wconf 83' lang='lat' dir='ltr'>Samum</span> <span class='ocrx_word' id='word_1_88' title='bbox 802 836 1094 887; x_wconf 82' lang='lat' dir='ltr'>expeditionem</span> <span class='ocrx_word' id='word_1_89' title='bbox 1131 837 1291 885; x_wconf 77' lang='lat' dir='ltr'>fecisse,</span> <span class='ocrx_word' id='word_1_90' title='bbox 1334 843 1377 875; x_wconf 86' lang='lat' dir='ltr'>ut</span> <span class='ocrx_word' id='word_1_91' title='bbox 1412 851 1434 875; x_wconf 85' lang='lat' dir='ltr'>a</span> <span class='ocrx_word' id='word_1_92' title='bbox 1470 837 1678 888; x_wconf 84' lang='lat' dir='ltr'>Polycrate</span> 
     </span>
     <span class='ocr_line' id='line_1_13' title="bbox 202 900 1679 953; baseline -0.001 -12"><span class='ocrx_word' id='word_1_93' title='bbox 202 902 311 953; x_wconf 88' lang='lat' dir='ltr'>ipsos</span> <span class='ocrx_word' id='word_1_94' title='bbox 339 901 572 949; x_wconf 84' lang='lat' dir='ltr'>liberarent,</span> <span class='ocrx_word' id='word_1_95' title='bbox 601 900 768 951; x_wconf 87' lang='lat' dir='ltr'>gratiam</span> <span class='ocrx_word' id='word_1_96' title='bbox 798 900 979 949; x_wconf 87' lang='lat' dir='ltr'>relaturi,</span> <span class='ocrx_word' id='word_1_97' title='bbox 1012 900 1121 951; x_wconf 91' lang='lat' dir='ltr'>quod</span> <span class='ocrx_word' id='word_1_98' title='bbox 1150 900 1252 939; x_wconf 88' lang='lat' dir='ltr'>bello</span> <span class='ocrx_word' id='word_1_99' title='bbox 1282 900 1484 939; x_wconf 86' lang='lat' dir='ltr'>Messenio</span> <span class='ocrx_word' id='word_1_100' title='bbox 1513 900 1679 940; x_wconf 87' lang='lat' dir='ltr'>navibus</span> 
     </span>
     <span class='ocr_line' id='line_1_14' title="bbox 203 963 1679 1012; baseline 0 -10"><span class='ocrx_word' id='word_1_101' title='bbox 203 978 271 1002; x_wconf 89' lang='lat' dir='ltr'>eos</span> <span class='ocrx_word' id='word_1_102' title='bbox 308 963 572 1012; x_wconf 85' lang='lat' dir='ltr'>adiuvissent,</span> <span class='ocrx_word' id='word_1_103' title='bbox 609 969 659 1001; x_wconf 88' lang='lat' dir='ltr'>ut</span> <span class='ocrx_word' id='word_1_104' title='bbox 694 977 808 1001; x_wconf 89' lang='lat' dir='ltr'>vero</span> <span class='ocrx_word' id='word_1_105' title='bbox 846 963 1226 1002; x_wconf 87' lang='lat' dir='ltr'>Lacedaemonii</span> <span class='ocrx_word' id='word_1_106' title='bbox 1262 964 1447 1012; x_wconf 86' lang='lat' dir='ltr'>dicant,</span> <span class='ocrx_word' id='word_1_107' title='bbox 1483 978 1506 1002; x_wconf 86' lang='lat' dir='ltr'>a</span> <span class='ocrx_word' id='word_1_108' title='bbox 1534 963 1679 1002; x_wconf 82' lang='lat' dir='ltr'>Samiis</span> 
     </span>
     <span class='ocr_line' id='line_1_15' title="bbox 201 1025 1681 1079; baseline 0.001 -14"><span class='ocrx_word' id='word_1_109' title='bbox 201 1040 351 1079; x_wconf 89' lang='lat' dir='ltr'>poenas</span> <span class='ocrx_word' id='word_1_110' title='bbox 381 1026 639 1078; x_wconf 86' lang='lat' dir='ltr'>repetituros,</span> <span class='ocrx_word' id='word_1_111' title='bbox 669 1025 774 1077; x_wconf 88' lang='lat' dir='ltr'>quod</span> <span class='ocrx_word' id='word_1_112' title='bbox 807 1032 1017 1076; x_wconf 73' lang='lat' dir='ltr'>craterem,</span> <span class='ocrx_word' id='word_1_113' title='bbox 1051 1041 1168 1077; x_wconf 88' lang='lat' dir='ltr'>quem</span> <span class='ocrx_word' id='word_1_114' title='bbox 1198 1027 1274 1078; x_wconf 88' lang='lat' dir='ltr'>ipsi</span> <span class='ocrx_word' id='word_1_115' title='bbox 1303 1026 1452 1066; x_wconf 81' lang='lat' dir='ltr'>Croeso</span> <span class='ocrx_word' id='word_1_116' title='bbox 1481 1027 1681 1066; x_wconf 87' lang='lat' dir='ltr'>misissent</span> 
     </span>
     <span class='ocr_line' id='line_1_16' title="bbox 201 1089 1672 1140; baseline 0.001 -13"><span class='ocrx_word' id='word_1_117' title='bbox 201 1097 240 1128; x_wconf 89' lang='lat' dir='ltr'>et</span> <span class='ocrx_word' id='word_1_118' title='bbox 281 1090 483 1128; x_wconf 75' lang='lat' dir='ltr'>thoracem</span> <span class='ocrx_word' id='word_1_119' title='bbox 527 1090 576 1127; x_wconf 88' lang='lat' dir='ltr'>ab</span> <span class='ocrx_word' id='word_1_120' title='bbox 618 1090 757 1127; x_wconf 85' lang='lat' dir='ltr'>Amasi</span> <span class='ocrx_word' id='word_1_121' title='bbox 802 1090 899 1140; x_wconf 88' lang='lat' dir='ltr'>ipsis</span> <span class='ocrx_word' id='word_1_122' title='bbox 942 1090 1107 1128; x_wconf 87' lang='lat' dir='ltr'>missum</span> <span class='ocrx_word' id='word_1_123' title='bbox 1150 1089 1274 1128; x_wconf 87' lang='lat' dir='ltr'>Samii</span> <span class='ocrx_word' id='word_1_124' title='bbox 1321 1091 1585 1129; x_wconf 86' lang='lat' dir='ltr'>abstulissent.</span> <span class='ocrx_word' id='word_1_125' title='bbox 1629 1113 1672 1117; x_wconf 94' lang='lat'>—-</span> 
     </span>
     <span class='ocr_line' id='line_1_17' title="bbox 200 1150 1678 1205; baseline -0.001 -12"><span class='ocrx_word' id='word_1_126' title='bbox 200 1153 262 1193; x_wconf 92' lang='lat' dir='ltr'>IV</span> <span class='ocrx_word' id='word_1_127' title='bbox 294 1155 311 1192; x_wconf 94' lang='lat'>1</span> <span class='ocrx_word' id='word_1_128' title='bbox 358 1152 455 1191; x_wconf 87' lang='lat' dir='ltr'>dicit</span> <span class='ocrx_word' id='word_1_129' title='bbox 490 1152 667 1191; x_wconf 88' lang='lat' dir='ltr'>Dareum</span> <span class='ocrx_word' id='word_1_130' title='bbox 711 1158 848 1191; x_wconf 87' lang='lat' dir='ltr'>contra</span> <span class='ocrx_word' id='word_1_131' title='bbox 881 1150 1050 1205; x_wconf 84' lang='lat' dir='ltr'>Scythas</span> <span class='ocrx_word' id='word_1_132' title='bbox 1093 1153 1384 1205; x_wconf 86' lang='lat' dir='ltr'>expeditionem</span> <span class='ocrx_word' id='word_1_133' title='bbox 1424 1153 1582 1202; x_wconf 87' lang='lat' dir='ltr'>fecisse,</span> <span class='ocrx_word' id='word_1_134' title='bbox 1625 1159 1678 1192; x_wconf 89' lang='lat' dir='ltr'>ut</span> 
     </span>
     <span class='ocr_line' id='line_1_18' title="bbox 201 1216 1679 1269; baseline 0 -13"><span class='ocrx_word' id='word_1_135' title='bbox 201 1232 359 1269; x_wconf 86' lang='lat' dir='ltr'>poena</span> <span class='ocrx_word' id='word_1_136' title='bbox 384 1231 465 1256; x_wconf 85' lang='lat' dir='ltr'>eos</span> <span class='ocrx_word' id='word_1_137' title='bbox 490 1217 743 1264; x_wconf 85' lang='lat' dir='ltr'>afficeret,</span> <span class='ocrx_word' id='word_1_138' title='bbox 769 1216 898 1267; x_wconf 87' lang='lat' dir='ltr'>quod</span> <span class='ocrx_word' id='word_1_139' title='bbox 924 1223 1064 1255; x_wconf 83' lang='lat' dir='ltr'>antea</span> <span class='ocrx_word' id='word_1_140' title='bbox 1082 1217 1252 1256; x_wconf 89' lang='lat' dir='ltr'>Medos</span> <span class='ocrx_word' id='word_1_141' title='bbox 1272 1232 1434 1269; x_wconf 87' lang='lat' dir='ltr'>pugna</span> <span class='ocrx_word' id='word_1_142' title='bbox 1454 1218 1679 1261; x_wconf 81' lang='lat' dir='ltr'>devictos</span> 
     </span>
     <span class='ocr_line' id='line_1_19' title="bbox 200 1280 1678 1333; baseline 0 -12"><span class='ocrx_word' id='word_1_143' title='bbox 200 1295 312 1321; x_wconf 81' lang='lat' dir='ltr'>suae</span> <span class='ocrx_word' id='word_1_144' title='bbox 335 1280 526 1319; x_wconf 89' lang='lat' dir='ltr'>dicioni</span> <span class='ocrx_word' id='word_1_145' title='bbox 546 1280 896 1320; x_wconf 88' lang='lat' dir='ltr'>subiecissent.</span> <span class='ocrx_word' id='word_1_146' title='bbox 945 1280 1063 1320; x_wconf 89' lang='lat' dir='ltr'>Hanc</span> <span class='ocrx_word' id='word_1_147' title='bbox 1083 1281 1294 1320; x_wconf 84' lang='lat' dir='ltr'>Persarum</span> <span class='ocrx_word' id='word_1_148' title='bbox 1314 1281 1543 1333; x_wconf 90' lang='lat' dir='ltr'>opinionem</span> <span class='ocrx_word' id='word_1_149' title='bbox 1557 1281 1678 1322; x_wconf 88' lang='lat' dir='ltr'>fuisse</span> 
     </span>
     <span class='ocr_line' id='line_1_20' title="bbox 200 1343 1677 1395; baseline 0 -12"><span class='ocrx_word' id='word_1_150' title='bbox 200 1345 501 1383; x_wconf 88' lang='lat' dir='ltr'>Herodotumve</span> <span class='ocrx_word' id='word_1_151' title='bbox 529 1343 579 1381; x_wconf 86' lang='lat' dir='ltr'>ab</span> <span class='ocrx_word' id='word_1_152' title='bbox 609 1358 745 1383; x_wconf 88' lang='lat' dir='ltr'>eorum</span> <span class='ocrx_word' id='word_1_153' title='bbox 764 1344 1005 1394; x_wconf 86' lang='lat' dir='ltr'>quibusdam</span> <span class='ocrx_word' id='word_1_154' title='bbox 1034 1344 1231 1383; x_wconf 77' lang='lat' dir='ltr'>audivisse</span> <span class='ocrx_word' id='word_1_155' title='bbox 1258 1359 1373 1383; x_wconf 88' lang='lat' dir='ltr'>nemo</span> <span class='ocrx_word' id='word_1_156' title='bbox 1402 1345 1576 1395; x_wconf 85' lang='lat' dir='ltr'>putabit3</span> <span class='ocrx_word' id='word_1_157' title='bbox 1607 1345 1677 1384; x_wconf 90' lang='lat' dir='ltr'>sed</span> 
     </span>
     <span class='ocr_line' id='line_1_21' title="bbox 199 1405 1679 1458; baseline 0 -12"><span class='ocrx_word' id='word_1_158' title='bbox 199 1407 431 1446; x_wconf 89' lang='lat' dir='ltr'>Herodotus</span> <span class='ocrx_word' id='word_1_159' title='bbox 450 1407 536 1458; x_wconf 90' lang='lat' dir='ltr'>ipse</span> <span class='ocrx_word' id='word_1_160' title='bbox 556 1405 655 1444; x_wconf 87' lang='lat' dir='ltr'>duas</span> <span class='ocrx_word' id='word_1_161' title='bbox 675 1406 762 1445; x_wconf 88' lang='lat' dir='ltr'>illas</span> <span class='ocrx_word' id='word_1_162' title='bbox 781 1420 844 1444; x_wconf 86' lang='lat' dir='ltr'>res</span> <span class='ocrx_word' id='word_1_163' title='bbox 865 1406 919 1444; x_wconf 83' lang='lat' dir='ltr'>ita</span> <span class='ocrx_word' id='word_1_164' title='bbox 938 1406 1156 1456; x_wconf 80' lang='lat' dir='ltr'>coniunxit,</span> <span class='ocrx_word' id='word_1_165' title='bbox 1186 1412 1237 1446; x_wconf 93' lang='lat' dir='ltr'>ut</span> <span class='ocrx_word' id='word_1_166' title='bbox 1256 1407 1412 1445; x_wconf 84' lang='lat' dir='ltr'>altera</span> <span class='ocrx_word' id='word_1_167' title='bbox 1440 1422 1495 1445; x_wconf 87' lang='lat' dir='ltr'>ex</span> <span class='ocrx_word' id='word_1_168' title='bbox 1524 1408 1679 1446; x_wconf 88' lang='lat' dir='ltr'>altera</span> 
     </span>
     <span class='ocr_line' id='line_1_22' title="bbox 200 1469 1677 1522; baseline -0.001 -12"><span class='ocrx_word' id='word_1_169' title='bbox 200 1471 387 1510; x_wconf 87' lang='lat' dir='ltr'>effecta</span> <span class='ocrx_word' id='word_1_170' title='bbox 416 1483 526 1508; x_wconf 84' lang='lat' dir='ltr'>esse</span> <span class='ocrx_word' id='word_1_171' title='bbox 555 1469 807 1508; x_wconf 86' lang='lat' dir='ltr'>videretur</span> <span class='ocrx_word' id='word_1_172' title='bbox 835 1469 1058 1519; x_wconf 79' lang='lat' dir='ltr'>(of.11158</span> <span class='ocrx_word' id='word_1_173' title='bbox 1088 1470 1157 1508; x_wconf 89' lang='lat' dir='ltr'>ubi</span> <span class='ocrx_word' id='word_1_174' title='bbox 1186 1470 1305 1509; x_wconf 88' lang='lat' dir='ltr'>refert</span> <span class='ocrx_word' id='word_1_175' title='bbox 1325 1485 1391 1510; x_wconf 91' lang='lat' dir='ltr'>eos</span> <span class='ocrx_word' id='word_1_176' title='bbox 1412 1469 1580 1520; x_wconf 85' lang='lat' dir='ltr'>Samios,</span> <span class='ocrx_word' id='word_1_177' title='bbox 1610 1472 1677 1522; x_wconf 91' lang='lat' dir='ltr'>qui</span> 
     </span>
     <span class='ocr_line' id='line_1_23' title="bbox 199 1532 1677 1586; baseline 0 -14"><span class='ocrx_word' id='word_1_178' title='bbox 199 1549 221 1572; x_wconf 90' lang='lat' dir='ltr'>a</span> <span class='ocrx_word' id='word_1_179' title='bbox 249 1534 459 1585; x_wconf 87' lang='lat' dir='ltr'>Polycrate</span> <span class='ocrx_word' id='word_1_180' title='bbox 489 1532 678 1584; x_wconf 85' lang='lat' dir='ltr'>Cambysi</span> <span class='ocrx_word' id='word_1_181' title='bbox 707 1532 854 1583; x_wconf 80' lang='lat' dir='ltr'>proditi</span> <span class='ocrx_word' id='word_1_182' title='bbox 889 1547 978 1571; x_wconf 89' lang='lat' dir='ltr'>eum</span> <span class='ocrx_word' id='word_1_183' title='bbox 1008 1533 1229 1585; x_wconf 85' lang='lat' dir='ltr'>effugerant</span> <span class='ocrx_word' id='word_1_184' title='bbox 1257 1540 1296 1572; x_wconf 90' lang='lat' dir='ltr'>et</span> <span class='ocrx_word' id='word_1_185' title='bbox 1325 1533 1546 1586; x_wconf 84' lang='lat' dir='ltr'>Cydoniam</span> <span class='ocrx_word' id='word_1_186' title='bbox 1575 1534 1677 1573; x_wconf 90' lang='lat' dir='ltr'>obti-</span> 
     </span>
     <span class='ocr_line' id='line_1_24' title="bbox 199 1594 1676 1648; baseline 0 -12"><span class='ocrx_word' id='word_1_187' title='bbox 199 1603 387 1645; x_wconf 87' lang='lat' dir='ltr'>nuerant,</span> <span class='ocrx_word' id='word_1_188' title='bbox 428 1596 477 1636; x_wconf 88' lang='lat' dir='ltr'>ab</span> <span class='ocrx_word' id='word_1_189' title='bbox 517 1596 726 1648; x_wconf 82' lang='lat' dir='ltr'>Aeginetis</span> <span class='ocrx_word' id='word_1_190' title='bbox 768 1601 806 1634; x_wconf 89' lang='lat' dir='ltr'>et</span> <span class='ocrx_word' id='word_1_191' title='bbox 844 1594 1103 1635; x_wconf 88' lang='lat' dir='ltr'>Cretensibus</span> <span class='ocrx_word' id='word_1_192' title='bbox 1149 1596 1326 1636; x_wconf 85' lang='lat' dir='ltr'>devictos</span> <span class='ocrx_word' id='word_1_193' title='bbox 1366 1598 1406 1636; x_wconf 87' lang='lat' dir='ltr'>in</span> <span class='ocrx_word' id='word_1_194' title='bbox 1448 1597 1676 1636; x_wconf 88' lang='lat' dir='ltr'>servitutem</span> 
     </span>
     <span class='ocr_line' id='line_1_25' title="bbox 199 1658 1677 1712; baseline 0 -13"><span class='ocrx_word' id='word_1_195' title='bbox 199 1660 380 1700; x_wconf 84' lang='lat' dir='ltr'>redactos</span> <span class='ocrx_word' id='word_1_196' title='bbox 409 1675 506 1700; x_wconf 84' lang='lat' dir='ltr'>esse.</span> <span class='ocrx_word' id='word_1_197' title='bbox 564 1663 676 1698; x_wconf 78' lang='grc' dir='ltr'>ταῦτα</span> <span class='ocrx_word' id='word_1_198' title='bbox 710 1660 751 1697; x_wconf 85' lang='grc' dir='ltr'>δὲ</span> <span class='ocrx_word' id='word_1_199' title='bbox 782 1660 955 1710; x_wconf 80' lang='grc' dir='ltr'>ἐποίησαν</span> <span class='ocrx_word' id='word_1_200' title='bbox 985 1658 1131 1710; x_wconf 78' lang='grc' dir='ltr'>ἔγκοτον</span> <span class='ocrx_word' id='word_1_201' title='bbox 1162 1659 1308 1712; x_wconf 83' lang='grc' dir='ltr'>ἔχοντες</span> <span class='ocrx_word' id='word_1_202' title='bbox 1337 1661 1502 1712; x_wconf 80' lang='grc' dir='ltr'>Σαμίοισι</span> <span class='ocrx_word' id='word_1_203' title='bbox 1533 1660 1677 1712; x_wconf 78' lang='grc' dir='ltr'>Αἰγινῆ-</span> 
     </span>
     <span class='ocr_line' id='line_1_26' title="bbox 199 1722 1676 1776; baseline 0.001 -13"><span class='ocrx_word' id='word_1_204' title='bbox 199 1740 274 1771; x_wconf 81' lang='grc' dir='ltr'>ται;</span> <span class='ocrx_word' id='word_1_205' title='bbox 313 1738 404 1763; x_wconf 84' lang='lat' dir='ltr'>nam</span> <span class='ocrx_word' id='word_1_206' title='bbox 434 1722 590 1763; x_wconf 89' lang='lat' dir='ltr'>Samios</span> <span class='ocrx_word' id='word_1_207' title='bbox 619 1728 736 1761; x_wconf 85' lang='lat' dir='ltr'>antea</span> <span class='ocrx_word' id='word_1_208' title='bbox 769 1737 860 1775; x_wconf 82' lang='lat' dir='ltr'>rege</span> <span class='ocrx_word' id='word_1_209' title='bbox 890 1723 1147 1775; x_wconf 86' lang='lat' dir='ltr'>Amphicrate</span> <span class='ocrx_word' id='word_1_210' title='bbox 1177 1724 1217 1762; x_wconf 87' lang='lat' dir='ltr'>in</span> <span class='ocrx_word' id='word_1_211' title='bbox 1248 1724 1445 1776; x_wconf 86' lang='lat' dir='ltr'>Aeginam</span> <span class='ocrx_word' id='word_1_212' title='bbox 1473 1725 1676 1764; x_wconf 87' lang='lat' dir='ltr'>invasisse.</span> 
     </span>
     <span class='ocr_line' id='line_1_27' title="bbox 198 1786 1676 1839; baseline 0.001 -13"><span class='ocrx_word' id='word_1_213' title='bbox 198 1790 221 1838; x_wconf 75' lang='grc' dir='ltr'>ἡ</span> <span class='ocrx_word' id='word_1_214' title='bbox 251 1789 316 1839; x_wconf 84' lang='grc' dir='ltr'>μὲν</span> <span class='ocrx_word' id='word_1_215' title='bbox 347 1788 440 1838; x_wconf 80' lang='grc' dir='ltr'>αἰτίη</span> <span class='ocrx_word' id='word_1_216' title='bbox 473 1787 597 1838; x_wconf 78' lang='grc' dir='ltr'>αὕτη).</span> <span class='ocrx_word' id='word_1_217' title='bbox 655 1786 730 1835; x_wconf 86' lang='lat' dir='ltr'>Ita,</span> <span class='ocrx_word' id='word_1_218' title='bbox 761 1800 851 1824; x_wconf 83' lang='lat' dir='ltr'>cum</span> <span class='ocrx_word' id='word_1_219' title='bbox 880 1791 971 1825; x_wconf 81' lang='lat' dir='ltr'>ante</span> <span class='ocrx_word' id='word_1_220' title='bbox 1002 1786 1148 1825; x_wconf 90' lang='lat' dir='ltr'>bellum</span> <span class='ocrx_word' id='word_1_221' title='bbox 1179 1802 1203 1825; x_wconf 86' lang='lat' dir='ltr'>a</span> <span class='ocrx_word' id='word_1_222' title='bbox 1230 1786 1559 1827; x_wconf 84' lang='lat' dir='ltr'>Lacedaemoniis</span> <span class='ocrx_word' id='word_1_223' title='bbox 1587 1802 1676 1827; x_wconf 89' lang='lat' dir='ltr'>cum</span> 
     </span>
     <span class='ocr_line' id='line_1_28' title="bbox 200 1848 1677 1903; baseline 0 -13"><span class='ocrx_word' id='word_1_224' title='bbox 200 1852 407 1903; x_wconf 81' lang='lat' dir='ltr'>Polycrate</span> <span class='ocrx_word' id='word_1_225' title='bbox 428 1856 585 1902; x_wconf 86' lang='lat' dir='ltr'>gestum</span> <span class='ocrx_word' id='word_1_226' title='bbox 605 1850 662 1888; x_wconf 92' lang='lat' dir='ltr'>illi</span> <span class='ocrx_word' id='word_1_227' title='bbox 681 1864 705 1888; x_wconf 83' lang='lat' dir='ltr'>a</span> <span class='ocrx_word' id='word_1_228' title='bbox 724 1848 869 1888; x_wconf 85' lang='lat' dir='ltr'>Samiis</span> <span class='ocrx_word' id='word_1_229' title='bbox 889 1850 1033 1888; x_wconf 89' lang='lat' dir='ltr'>iniuria</span> <span class='ocrx_word' id='word_1_230' title='bbox 1052 1850 1183 1889; x_wconf 84' lang='lat' dir='ltr'>affecti</span> <span class='ocrx_word' id='word_1_231' title='bbox 1202 1856 1347 1899; x_wconf 85' lang='lat' dir='ltr'>essent,</span> <span class='ocrx_word' id='word_1_232' title='bbox 1376 1850 1542 1902; x_wconf 83' lang='lat' dir='ltr'>cogitari</span> <span class='ocrx_word' id='word_1_233' title='bbox 1561 1865 1677 1902; x_wconf 89' lang='lat' dir='ltr'>posse</span> 
     </span>
     <span class='ocr_line' id='line_1_29' title="bbox 199 1913 1676 1961; baseline -0.001 -7"><span class='ocrx_word' id='word_1_234' title='bbox 199 1914 405 1954; x_wconf 86' lang='lat' dir='ltr'>Herodoto</span> <span class='ocrx_word' id='word_1_235' title='bbox 434 1913 663 1961; x_wconf 87' lang='lat' dir='ltr'>videbatur,</span> <span class='ocrx_word' id='word_1_236' title='bbox 700 1913 817 1952; x_wconf 89' lang='lat' dir='ltr'>huius</span> <span class='ocrx_word' id='word_1_237' title='bbox 846 1913 1013 1951; x_wconf 86' lang='lat' dir='ltr'>iniuriae</span> <span class='ocrx_word' id='word_1_238' title='bbox 1052 1914 1300 1953; x_wconf 81' lang='lat' dir='ltr'>ulciscendae</span> <span class='ocrx_word' id='word_1_239' title='bbox 1329 1928 1447 1953; x_wconf 82' lang='lat' dir='ltr'>causa</span> <span class='ocrx_word' id='word_1_240' title='bbox 1475 1914 1676 1953; x_wconf 86' lang='lat' dir='ltr'>Lacedae-</span> 
     </span>
     <span class='ocr_line' id='line_1_30' title="bbox 197 1976 1676 2025; baseline 0.001 -9"><span class='ocrx_word' id='word_1_241' title='bbox 197 1978 351 2017; x_wconf 84' lang='lat' dir='ltr'>monios</span> <span class='ocrx_word' id='word_1_242' title='bbox 380 1977 457 2015; x_wconf 88' lang='lat' dir='ltr'>illis</span> <span class='ocrx_word' id='word_1_243' title='bbox 487 1976 633 2015; x_wconf 88' lang='lat' dir='ltr'>bellum</span> <span class='ocrx_word' id='word_1_244' title='bbox 663 1976 864 2023; x_wconf 83' lang='lat' dir='ltr'>intulisse3</span> <span class='ocrx_word' id='word_1_245' title='bbox 895 1976 963 2016; x_wconf 86' lang='lat' dir='ltr'>sed</span> <span class='ocrx_word' id='word_1_246' title='bbox 993 1976 1097 2016; x_wconf 86' lang='lat' dir='ltr'>idem</span> <span class='ocrx_word' id='word_1_247' title='bbox 1118 1976 1363 2025; x_wconf 86' lang='lat' dir='ltr'>Herodotus,</span> <span class='ocrx_word' id='word_1_248' title='bbox 1393 1983 1438 2015; x_wconf 89' lang='lat' dir='ltr'>ut</span> <span class='ocrx_word' id='word_1_249' title='bbox 1465 1977 1676 2017; x_wconf 87' lang='lat' dir='ltr'>historicus</span> 
     </span>
     <span class='ocr_line' id='line_1_31' title="bbox 197 2039 1677 2091; baseline 0.001 -13"><span class='ocrx_word' id='word_1_250' title='bbox 197 2041 452 2091; x_wconf 89' lang='lat' dir='ltr'>antiquarum</span> <span class='ocrx_word' id='word_1_251' title='bbox 481 2054 613 2079; x_wconf 89' lang='lat' dir='ltr'>rerum</span> <span class='ocrx_word' id='word_1_252' title='bbox 641 2040 918 2091; x_wconf 87' lang='lat' dir='ltr'>peritissimus,</span> <span class='ocrx_word' id='word_1_253' title='bbox 947 2039 1097 2079; x_wconf 83' lang='lat' dir='ltr'>sciebat</span> <span class='ocrx_word' id='word_1_254' title='bbox 1125 2040 1344 2091; x_wconf 86' lang='lat' dir='ltr'>antiquitus</span> <span class='ocrx_word' id='word_1_255' title='bbox 1373 2039 1529 2079; x_wconf 83' lang='lat' dir='ltr'>Samios</span> <span class='ocrx_word' id='word_1_256' title='bbox 1558 2041 1677 2080; x_wconf 90' lang='lat' dir='ltr'>bene-</span> 
     </span>
     <span class='ocr_line' id='line_1_32' title="bbox 196 2103 1676 2155; baseline 0.001 -14"><span class='ocrx_word' id='word_1_257' title='bbox 196 2104 329 2141; x_wconf 81' lang='lat' dir='ltr'>ficium</span> <span class='ocrx_word' id='word_1_258' title='bbox 367 2103 407 2141; x_wconf 90' lang='lat' dir='ltr'>in</span> <span class='ocrx_word' id='word_1_259' title='bbox 438 2103 776 2141; x_wconf 86' lang='lat' dir='ltr'>Lacedaemonios</span> <span class='ocrx_word' id='word_1_260' title='bbox 811 2103 1044 2149; x_wconf 80' lang='lat' dir='ltr'>contulisse3</span> <span class='ocrx_word' id='word_1_261' title='bbox 1081 2103 1255 2155; x_wconf 85' lang='lat' dir='ltr'>cogitare</span> <span class='ocrx_word' id='word_1_262' title='bbox 1290 2103 1413 2154; x_wconf 82' lang='lat' dir='ltr'>igitur</span> <span class='ocrx_word' id='word_1_263' title='bbox 1448 2103 1489 2141; x_wconf 90' lang='lat' dir='ltr'>id</span> <span class='ocrx_word' id='word_1_264' title='bbox 1517 2118 1676 2154; x_wconf 87' lang='lat' dir='ltr'>quoque</span> 
     </span>
     <span class='ocr_line' id='line_1_33' title="bbox 197 2166 1675 2219; baseline 0.001 -14"><span class='ocrx_word' id='word_1_265' title='bbox 197 2166 321 2215; x_wconf 82' lang='lat' dir='ltr'>licuit,</span> <span class='ocrx_word' id='word_1_266' title='bbox 344 2166 513 2219; x_wconf 85' lang='lat' dir='ltr'>gratiam</span> <span class='ocrx_word' id='word_1_267' title='bbox 533 2166 873 2206; x_wconf 78' lang='lat' dir='ltr'>Lacedaemonios</span> <span class='ocrx_word' id='word_1_268' title='bbox 896 2167 1094 2206; x_wconf 88' lang='lat' dir='ltr'>rettulisse</span> <span class='ocrx_word' id='word_1_269' title='bbox 1114 2166 1366 2218; x_wconf 86' lang='lat' dir='ltr'>expeditione</span> <span class='ocrx_word' id='word_1_270' title='bbox 1386 2172 1524 2206; x_wconf 81' lang='lat' dir='ltr'>contra</span> <span class='ocrx_word' id='word_1_271' title='bbox 1542 2172 1675 2219; x_wconf 89' lang='lat' dir='ltr'>tyran-</span> 
     </span>
     <span class='ocr_line' id='line_1_34' title="bbox 197 2228 1675 2283; baseline 0.001 -14"><span class='ocrx_word' id='word_1_272' title='bbox 197 2245 293 2269; x_wconf 89' lang='lat' dir='ltr'>num</span> <span class='ocrx_word' id='word_1_273' title='bbox 313 2231 434 2277; x_wconf 82' lang='lat' dir='ltr'>facta3</span> <span class='ocrx_word' id='word_1_274' title='bbox 464 2237 584 2281; x_wconf 87' lang='lat' dir='ltr'>atque</span> <span class='ocrx_word' id='word_1_275' title='bbox 605 2232 661 2269; x_wconf 88' lang='lat' dir='ltr'>ita</span> <span class='ocrx_word' id='word_1_276' title='bbox 679 2230 777 2270; x_wconf 88' lang='lat' dir='ltr'>illud</span> <span class='ocrx_word' id='word_1_277' title='bbox 798 2230 1150 2280; x_wconf 82' lang='lat' dir='ltr'>Lacedaemonios,</span> <span class='ocrx_word' id='word_1_278' title='bbox 1181 2231 1256 2270; x_wconf 89' lang='lat' dir='ltr'>hoc</span> <span class='ocrx_word' id='word_1_279' title='bbox 1275 2228 1444 2280; x_wconf 88' lang='lat' dir='ltr'>Samios,</span> <span class='ocrx_word' id='word_1_280' title='bbox 1474 2238 1518 2269; x_wconf 89' lang='lat' dir='ltr'>ut</span> <span class='ocrx_word' id='word_1_281' title='bbox 1537 2237 1675 2283; x_wconf 88' lang='lat' dir='ltr'>aptum</span> 
     </span>
     <span class='ocr_line' id='line_1_35' title="bbox 197 2294 1619 2347; baseline 0.001 -15"><span class='ocrx_word' id='word_1_282' title='bbox 197 2294 424 2334; x_wconf 85' lang='lat' dir='ltr'>hominibus</span> <span class='ocrx_word' id='word_1_283' title='bbox 454 2294 603 2347; x_wconf 85' lang='lat' dir='ltr'>patriae</span> <span class='ocrx_word' id='word_1_284' title='bbox 632 2294 780 2347; x_wconf 88' lang='lat' dir='ltr'>gloriae</span> <span class='ocrx_word' id='word_1_285' title='bbox 811 2294 1081 2334; x_wconf 88' lang='lat' dir='ltr'>defendendae</span> <span class='ocrx_word' id='word_1_286' title='bbox 1112 2294 1279 2346; x_wconf 82' lang='lat' dir='ltr'>cupidis,</span> <span class='ocrx_word' id='word_1_287' title='bbox 1309 2308 1466 2333; x_wconf 87' lang='lat' dir='ltr'>narrare</span> <span class='ocrx_word' id='word_1_288' title='bbox 1494 2295 1619 2334; x_wconf 86' lang='lat' dir='ltr'>finxit.</span> 
     </span>
    </p>
   </div>
   <div class='ocr_carea' id='block_1_4' title="bbox 305 2393 1674 2435">
    <p class='ocr_par' dir='ltr' id='par_1_4' title="bbox 305 2393 1674 2435">
     <span class='ocr_line' id='line_1_36' title="bbox 305 2393 1674 2435; baseline 0 -2"><span class='ocrx_word' id='word_1_289' title='bbox 305 2394 411 2433; x_wconf 82' lang='lat' dir='ltr'><strong>VIII</strong></span> <span class='ocrx_word' id='word_1_290' title='bbox 435 2395 509 2434; x_wconf 80' lang='lat'>129</span> <span class='ocrx_word' id='word_1_291' title='bbox 540 2400 673 2434; x_wconf 85' lang='lat' dir='ltr'>narrat</span> <span class='ocrx_word' id='word_1_292' title='bbox 692 2394 834 2433; x_wconf 81' lang='lat' dir='ltr'>Persas</span> <span class='ocrx_word' id='word_1_293' title='bbox 855 2394 1055 2433; x_wconf 84' lang='lat' dir='ltr'>Artabazo</span> <span class='ocrx_word' id='word_1_294' title='bbox 1075 2393 1175 2433; x_wconf 90' lang='lat' dir='ltr'>duce</span> <span class='ocrx_word' id='word_1_295' title='bbox 1196 2394 1425 2433; x_wconf 86' lang='lat' dir='ltr'>Potidaeam</span> <span class='ocrx_word' id='word_1_296' title='bbox 1450 2394 1674 2435; x_wconf 83' lang='lat' dir='ltr'>obsidentes</span> 
     </span>
    </p>
   </div>
   <div class='ocr_carea' id='block_1_5' title="bbox 196 2457 1674 2638">
    <p class='ocr_par' dir='ltr' id='par_1_5' title="bbox 196 2457 1674 2638">
     <span class='ocr_line' id='line_1_37' title="bbox 196 2457 1673 2510; baseline -0.001 -13"><span class='ocrx_word' id='word_1_297' title='bbox 196 2458 350 2510; x_wconf 85' lang='lat' dir='ltr'>ingenti</span> <span class='ocrx_word' id='word_1_298' title='bbox 379 2458 496 2497; x_wconf 84' lang='lat' dir='ltr'>maris</span> <span class='ocrx_word' id='word_1_299' title='bbox 525 2457 649 2498; x_wconf 82' lang='lat' dir='ltr'>fluctu</span> <span class='ocrx_word' id='word_1_300' title='bbox 679 2472 890 2509; x_wconf 84' lang='lat' dir='ltr'>oppressos</span> <span class='ocrx_word' id='word_1_301' title='bbox 919 2458 1130 2510; x_wconf 86' lang='lat' dir='ltr'>plerosque</span> <span class='ocrx_word' id='word_1_302' title='bbox 1158 2457 1385 2497; x_wconf 83' lang='lat' dir='ltr'>submersos</span> <span class='ocrx_word' id='word_1_303' title='bbox 1413 2473 1512 2497; x_wconf 84' lang='lat' dir='ltr'>esse.</span> <span class='ocrx_word' id='word_1_304' title='bbox 1565 2457 1673 2497; x_wconf 83' lang='grc' dir='ltr'>αἴτιον</span> 
     </span>
     <span class='ocr_line' id='line_1_38' title="bbox 197 2521 1674 2572; baseline -0.001 -13"><span class='ocrx_word' id='word_1_305' title='bbox 197 2523 238 2559; x_wconf 76' lang='grc' dir='ltr'>δὲ</span> <span class='ocrx_word' id='word_1_306' title='bbox 268 2521 460 2571; x_wconf 79' lang='grc' dir='ltr'>λέγουσι</span> <span class='ocrx_word' id='word_1_307' title='bbox 490 2521 797 2571; x_wconf 80' lang='grc' dir='ltr'>Ποτιδαιῆται</span> <span class='ocrx_word' id='word_1_308' title='bbox 824 2524 889 2559; x_wconf 83' lang='grc' dir='ltr'>τοῦ</span> <span class='ocrx_word' id='word_1_309' title='bbox 920 2521 1100 2572; x_wconf 76' lang='grc' dir='ltr'>Περσικοῦ</span> <span class='ocrx_word' id='word_1_310' title='bbox 1128 2522 1264 2563; x_wconf 75' lang='grc' dir='ltr'>πάθεος</span> <span class='ocrx_word' id='word_1_311' title='bbox 1292 2521 1462 2571; x_wconf 77' lang='grc' dir='ltr'>γενέσθαι</span> <span class='ocrx_word' id='word_1_312' title='bbox 1491 2521 1590 2567; x_wconf 76' lang='grc' dir='ltr'>τόδε,</span> <span class='ocrx_word' id='word_1_313' title='bbox 1621 2522 1674 2559; x_wconf 84' lang='grc' dir='ltr'>ὅτι</span> 
     </span>
     <span class='ocr_line' id='line_1_39' title="bbox 196 2583 1674 2638; baseline 0 -15"><span class='ocrx_word' id='word_1_314' title='bbox 196 2587 260 2623; x_wconf 80' lang='grc' dir='ltr'>τοδ</span> <span class='ocrx_word' id='word_1_315' title='bbox 294 2584 547 2627; x_wconf 70' lang='grc' dir='ltr'>Ποσειδέωνος</span> <span class='ocrx_word' id='word_1_316' title='bbox 589 2584 626 2626; x_wconf 81' lang='grc' dir='ltr'>ἐς</span> <span class='ocrx_word' id='word_1_317' title='bbox 660 2585 719 2622; x_wconf 69' lang='grc' dir='ltr'>τὸν</span> <span class='ocrx_word' id='word_1_318' title='bbox 753 2585 839 2636; x_wconf 79' lang='grc' dir='ltr'><strong>νηὸν</strong></span> <span class='ocrx_word' id='word_1_319' title='bbox 876 2584 1064 2637; x_wconf 77' lang='grc' dir='ltr'><strong>ἠσέβησαν</strong></span> <span class='ocrx_word' id='word_1_320' title='bbox 1098 2584 1196 2623; x_wconf 84' lang='grc' dir='ltr'>οὖτοι</span> <span class='ocrx_word' id='word_1_321' title='bbox 1229 2587 1300 2623; x_wconf 85' lang='grc' dir='ltr'>τῶν</span> <span class='ocrx_word' id='word_1_322' title='bbox 1339 2583 1530 2637; x_wconf 76' lang='grc' dir='ltr'><strong>Περσέων,</strong></span> <span class='ocrx_word' id='word_1_323' title='bbox 1571 2584 1674 2638; x_wconf 77' lang='grc' dir='ltr'>οἵπερ</span> 
     </span>
    </p>
   </div>
  </div>
 </body>
</html>
