1844 2898
809 48 1075 88 -38-

200 151 260 189 τὸν
289 150 419 203 χρόνον
448 152 603 202 (mane)
633 152 729 191 καίει
756 154 881 205 πολλῷ
911 155 1047 204 μᾶλλον
1068 154 1091 204 ἢ
1111 158 1157 204 τῇ
1177 153 1386 206 μεσαμβρίῃ
1413 154 1477 205 τὴν
1501 152 1679 201 Ἑλλάδα,

200 215 296 252 οὕτω
343 215 439 252 ὥστε
489 215 526 252 ἐν
576 215 678 253 ὕδατι
724 215 856 265 λόγος
907 216 1039 257 αὐτούς
1092 217 1167 254 ἐστι
1214 215 1415 268 βρέχεσθαι
1471 220 1677 267 τηνικαῦτα.

200 276 266 316 111
291 277 365 315 104
387 291 433 329 sq
462 277 668 328 describit,
706 277 906 329 quomodo
934 278 1026 318 Indi
1060 279 1243 318 formicas
1278 292 1416 318 aurum
1446 278 1680 319 effodientes

200 346 406 380 venentur.
468 342 542 379 105
573 341 681 379 ἐπεὰν
711 341 848 379 ἔλθωσι
879 342 917 383 ἐς
945 343 1004 380 τὸν
1023 345 1144 393 χῶρον
1165 343 1199 380 οἱ
1214 342 1320 380 Ἰνδοὶ
1340 341 1487 393 ἔχοντες
1506 343 1677 389 θυλάκια,

203 404 456 453 ἐμπλήσαντες
484 407 598 442 ταῦτα
625 407 690 454 τῆς
718 405 869 455 ψάμμου
890 405 953 454 τὴν
974 405 1146 456 ταχίστην
1168 405 1364 443 ἐλαύνουσι
1384 405 1511 443 ὀπίσω.
1551 405 1679 443 αὐτίκα

200 465 267 517 γὰρ
296 466 331 504 οἱ
359 466 548 518 μύρμηκες
583 466 702 517 ὀδμῇ,
738 469 793 508 ὡς
827 467 877 517 δὴ
908 466 1095 517 λέγεται
1125 468 1208 505 ὑπὸ
1240 466 1469 519 Περσέων,
1499 467 1679 519 μαθόντες

202 531 388 568 διώκουσι.
445 530 505 567 τὸν
536 530 600 580 μὲν
630 530 675 579 δὴ
704 530 807 568 πλέω
836 533 899 568 τοῦ
927 534 1067 582 χρυσοῦ
1095 531 1191 569 οὕτω
1220 532 1254 568 οἱ
1277 530 1384 569 Ἰνδοὶ
1412 531 1587 577 κτέονται,
1621 534 1679 573 ὡς

202 591 376 644 Πέρσαι
413 592 538 644 φασί.
602 592 651 631 cf.
682 592 744 631 IV
768 595 838 631 191
881 594 943 632 καὶ
976 594 1010 631 οἱ
1043 594 1224 646 ἀκέφαλοι
1260 594 1294 632 οἱ
1330 594 1367 632 ἐν
1402 596 1492 632 τοῖσι
1528 595 1679 646 στήθεσι

200 656 283 697 τοὺς
312 656 528 707 ὀφθαλμοὺς
556 655 717 707 ἔχοντες,
747 659 797 698 ὡς
826 658 871 707 δὴ
902 657 1072 706 λέγονταί
1095 672 1137 707 γε
1168 658 1236 695 ὑπὸ
1267 658 1424 709 Λιβύων.

310 717 407 757 Sine
435 718 557 757 dubio
586 719 799 770 scriptores
829 718 1007 759 Graecos
1035 725 1195 759 secutus
1224 725 1284 759 est
1312 726 1367 769 et,
1400 719 1442 758 id
1470 719 1578 771 quod
1606 734 1678 771 pro

200 787 307 821 certo
327 781 446 820 statui
466 787 611 832 potest,
641 780 847 833 Scylacem
871 783 1031 832 quidem
1052 783 1386 834 Caryandensem,
1415 784 1483 833 qui
1503 798 1527 821 a
1546 783 1677 821 Dareo

199 843 251 882 ad
270 842 417 882 Indum
446 843 609 882 fluvium
640 845 959 897 cognoscendum
989 845 1133 884 missus
1159 844 1207 883 de
1227 845 1345 884 rebus
1364 844 1514 884 Indicis
1532 844 1675 883 librum

199 907 359 958 scripsit
385 907 440 957 (v.
461 921 500 958 p.
527 908 592 954 103
622 907 768 945 Athen.
799 908 843 945 11
864 909 928 957 70,
957 908 1143 946 Philostr.
1173 923 1209 945 v.
1236 908 1369 959 Apoll.
1397 908 1465 945 III
1485 909 1676 958 45—48).

198 968 322 1009 Hunc
349 969 435 1021 ipse
463 969 643 1009 nominat
669 969 732 1009 IV
761 971 826 1020 44,
855 970 923 1010 ubi
953 976 1097 1021 narrat,
1136 970 1335 1022 quomodo
1364 970 1512 1010 factum
1542 970 1605 1020 sit,
1633 976 1678 1010 ut

200 1032 358 1072 Dareus
388 1047 477 1072 eum
507 1033 548 1072 in
577 1033 736 1072 Indiam
765 1033 998 1083 dimitteret,
1032 1040 1077 1072 et
1105 1034 1158 1073 de
1188 1034 1288 1072 eius
1315 1033 1488 1073 itinere
1515 1034 1676 1083 refert,

198 1094 306 1145 quod
321 1096 509 1134 continuo
524 1093 702 1146 Scylacis
720 1095 865 1134 librum
880 1096 921 1134 in
938 1102 1108 1134 mentem
1128 1096 1242 1134 nobis
1262 1101 1388 1134 vocat.
1422 1096 1676 1134 Matzatius

199 1157 451 1197 Herodotum
471 1156 649 1209 Scylacis
677 1158 822 1196 librum
851 1159 1008 1197 novisse
1037 1164 1077 1197 et
1097 1173 1229 1197 rerum
1249 1158 1477 1197 Indicarum
1496 1159 1676 1197 notitiam

198 1220 290 1259 inde
319 1220 498 1260 hausisse
528 1226 665 1272 negat,
702 1220 773 1259 sed
806 1236 829 1259 a
857 1221 990 1260 Persis
1024 1221 1262 1272 quibusdam
1297 1235 1397 1271 quae
1426 1227 1559 1260 narrat
1586 1236 1676 1260 eum

198 1282 415 1331 audivisse3
458 1297 549 1322 nam
593 1283 626 1322 si
660 1281 865 1336 Scylacem
900 1290 1059 1323 secutus
1094 1289 1214 1333 esset,
1255 1284 1470 1323 absurdum
1504 1298 1589 1324 esse
1626 1284 1676 1323 ad

198 1346 342 1386 Persas
370 1351 416 1385 ut
443 1346 681 1385 narrationis
709 1352 890 1386 auctores
918 1361 1132 1398 provocare
1158 1346 1347 1396 (Hermes
1366 1346 1428 1385 VI
1449 1348 1540 1396 459,
1560 1348 1674 1398 461);

197 1409 268 1449 sed
300 1424 381 1448 non
416 1409 544 1461 magis
577 1409 792 1448 absurdum
830 1415 907 1459 est,
941 1424 1059 1461 quam
1096 1410 1145 1448 ad
1181 1409 1424 1449 Macedones
1460 1424 1675 1462 provocare

197 1473 247 1513 de
275 1473 481 1527 Phrygum
509 1473 745 1525 antiquitate
774 1480 1012 1524 narrantem,
1042 1474 1093 1513 ad
1121 1473 1332 1513 Cretenses
1360 1473 1409 1513 de
1439 1473 1608 1514 Caribus
1638 1481 1676 1514 et

196 1537 428 1589 Lelegibus,
457 1536 507 1575 ad
536 1537 748 1576 Issedones
777 1537 826 1576 de
855 1544 996 1589 poetae
1026 1537 1173 1576 Graeci
1201 1537 1445 1576 commentis.

307 1664 371 1704 Cf.
390 1665 457 1703 III
478 1666 528 1704 98
558 1666 741 1717 τῶν-γὰρ
770 1666 895 1716 ἡμεῖς
924 1665 1063 1717 ἴδμεν,
1095 1669 1176 1703 τῶν
1205 1666 1279 1703 καὶ
1306 1665 1404 1716 πέρι
1432 1665 1612 1717 ἀτρεκές
1639 1681 1676 1704 τι

197 1728 397 1779 λέγεται,
444 1731 580 1780 πρῶτοι
626 1729 714 1780 πρὸς
756 1729 812 1780 ἠῶ
853 1729 1016 1768 οἰκέουσι
1056 1730 1255 1781 ἀνθρώπων
1297 1731 1366 1766 τῶν
1412 1729 1449 1767 ἐν
1484 1733 1529 1779 τῇ
1562 1728 1675 1779 Ἀσίῃ

193 1792 315 1830 Ἰνδοί.
371 1792 436 1830 Ita
461 1806 540 1830 non
571 1792 605 1830 is
632 1792 790 1830 locutus
819 1798 891 1841 est,
920 1793 1004 1842 qui,
1033 1806 1135 1842 quae
1165 1792 1214 1829 de
1242 1791 1360 1829 India
1388 1791 1551 1839 sciebat,
1579 1792 1676 1830 haec

195 1855 280 1907 ipse
308 1853 358 1893 de
386 1853 582 1893 industria
610 1868 634 1892 a
652 1852 843 1904 barbaris,
872 1854 942 1905 qui
962 1854 1039 1894 illis
1057 1854 1177 1893 vicini
1197 1859 1320 1903 erant,
1351 1854 1575 1905 exquisivit,
1605 1853 1676 1894 sed

194 1919 246 1968 is,
283 1919 347 1958 cui
381 1918 606 1970 complures
639 1918 730 1957 libri
763 1933 787 1957 a
821 1918 988 1958 Graecis
1023 1919 1064 1957 in
1099 1917 1345 1957 Graecorum
1378 1932 1496 1957 usum
1538 1918 1675 1970 scripti

193 1988 284 2022 ante
314 1982 451 2021 oculos
479 1981 754 2030 versabantur3
785 1982 835 2021 cf.
856 1984 906 2022 94
932 1982 1053 2021 Ἰνὸὠν
1082 1983 1222 2033 πλῆθος
1249 1984 1374 2034 πολλῷ
1403 1981 1569 2020 πλεῖστόν
1599 1982 1675 2020 ἐστι

192 2048 334 2085 πάντων
363 2049 434 2085 τῶν
463 2047 568 2097 ἡμεῖς
596 2045 700 2097 ἴδμεν
730 2047 943 2098 ἀνθρώπων.
1001 2047 1037 2085 Ii
1065 2061 1225 2098 quoque
1254 2046 1349 2096 loci,
1383 2045 1452 2085 ubi
1487 2046 1528 2084 in
1556 2045 1674 2085 rebus

192 2109 344 2149 Indicis
382 2109 653 2149 describendis
694 2109 888 2149 Graeciae
931 2110 1109 2149 meminit
1150 2109 1398 2159 Herodotus,
1448 2109 1581 2161 potius
1623 2109 1674 2148 ad

192 2173 425 2225 scriptorem
456 2172 675 2223 Graecum,
711 2187 832 2224 quam
868 2173 919 2212 ad
952 2173 1096 2213 Persas
1131 2173 1325 2225 quosdam
1353 2172 1547 2212 referendi
1582 2178 1674 2212 sunt

191 2237 303 2288 (102,
336 2237 443 2288 104).

300 2365 505 2416 Denique,
549 2370 595 2404 ut
635 2364 685 2403 de
724 2364 886 2417 regione
925 2370 1034 2404 trans
1068 2365 1216 2404 Istrum
1261 2365 1337 2405 sita
1370 2365 1545 2405 Thraces
1578 2365 1673 2405 Istri

190 2429 362 2478 accolas,
396 2429 452 2468 ita
484 2428 533 2468 de
567 2428 747 2468 Zamolxi
783 2427 889 2468 Geta
925 2428 1119 2479 Graecos,
1155 2429 1223 2480 qui
1259 2428 1433 2468 Pontum
1467 2434 1507 2468 et
1534 2429 1671 2468 Helle-

190 2499 379 2545 spontum
421 2493 619 2543 habitent,
668 2493 892 2533 Thracibus
931 2493 1102 2542 vicinos,
1152 2507 1310 2532 narrare
1353 2492 1462 2532 dicit.
1523 2492 1586 2531 IV
1619 2495 1670 2531 95

190 2559 248 2598 ὡς
277 2556 363 2606 ἐγὼ
390 2557 664 2607 πυνθάνομαι
692 2559 773 2595 τῶν
802 2557 871 2594 τὸν
894 2556 1222 2607 “Ελλήσποντον
1251 2555 1484 2595 οἰκεόντων
1504 2554 1670 2606 “Ελλή-
