1844 2898
795 60 1061 99 ..40-

179 165 285 204 enim
321 165 546 219 virginibus
579 166 727 206 Atticis
770 167 851 205 vim
889 167 1089 207 attulisse:
1132 167 1207 206 hoc
1241 165 1473 207 Herodotus
1507 167 1543 206 A
1555 166 1659 206 the-

180 227 382 268 nienses
431 228 533 268 dixit
583 244 807 278 narrare,
856 228 955 268 illud
997 229 1303 268 Hecataeum
1350 229 1659 282 logographum3

180 306 287 331 nam
315 290 551 345 Pelasgos
579 293 734 332 citare
762 292 805 331 ei
834 307 927 332 non
956 293 1116 332 licuit:
1146 293 1280 344 itaque
1309 307 1399 332 eum
1427 293 1659 345 scriptorem

181 354 417 404 nominavit,
447 356 518 407 qui
538 357 703 396 alteram
723 356 1003 406 narrationem,
1022 371 1125 407 quae
1144 356 1324 408 Pelasgis
1343 356 1502 396 favebat
1519 356 1660 395 litteris

181 417 457 459 mandaverat:

291 486 355 526 VI
378 488 453 525 137
486 486 671 537 Πελασγοὶ
700 487 820 526 ἐπείτε
840 488 882 526 ἐκ
902 491 966 538 τῆς
989 487 1162 539 Ἀττικῆς
1182 489 1251 526 ὑπὸ
1274 487 1486 539 Ἀθηναίων
1510 488 1658 540 ἐξεβλή-

180 551 313 602 θησαν,
343 548 415 589 εἴτε
444 549 495 588 ὦν
525 550 571 600 δὴ
602 550 752 592 δικαίως
780 549 853 589 εἴτε
883 551 1028 593 ἀδίκως.
1085 554 1189 590 τοῦτο
1219 551 1286 603 γὰρ
1315 551 1381 590 οὐκ
1410 549 1488 603 ἔχω
1523 554 1659 603 φράσαι

179 614 271 663 πλὴν
301 613 345 651 τὰ
373 611 556 662 λεγόμενα
576 640 586 650 .
606 640 617 650 .
638 612 718 652 ‘Ex
732 617 881 655 αταῖος
909 615 974 664 μὲν
996 613 1077 665 ἔφη
1090 627 1138 652 σε
1159 615 1201 652 ἐν
1221 617 1312 652 τοῖσι
1331 613 1470 664 λόγοισι
1491 642 1657 652 ......

179 677 239 717 ὡς
266 676 314 714 δὲ
345 675 470 714 αὐτοὶ
494 674 734 726 Ἀθηναῖοι
762 675 963 727 λέγουσι,
993 677 1142 718 δικαίως
1170 677 1351 719 ἐξελάσαι.

289 780 394 818 Item
428 780 468 818 hi
502 780 578 819 loci
614 794 656 819 se
700 780 866 819 habent:
911 780 971 819 VI
993 783 1043 819 75
1074 780 1289 832 Κλεομένης
1330 781 1492 819 ἀπέθανε
1534 780 1656 832 τρόπῳ

178 842 352 896 τοιοότῳ,
395 845 454 886 ὡς
490 843 555 896 μὲν
588 844 628 882 οἱ
660 844 815 882 πολλοὶ
849 843 1035 894 λέγουσι
1066 842 1294 896 Ἐλλήνων
1316 872 1483 883 ......
1515 846 1574 887 ὡς
1611 845 1658 895 δὲ

174 906 379 959 Ἀργεῖοι
409 935 418 945 .
441 936 450 945 .
474 937 482 945 .
504 936 514 945 .
544 907 599 957 (v.
621 922 659 959 p.
687 908 766 957 17).
824 909 876 947 84
901 907 1066 959 Ἀργεῖοι
1102 909 1171 959 μὲν
1201 923 1263 946 νυν
1300 909 1359 947 διὰ
1393 912 1506 947 ταῦτα
1540 907 1659 947 Κλεο-

180 969 295 1022 μένεά
345 983 436 1023 φασι
479 969 638 1022 μανέντα
687 970 890 1009 ἀπολέσθαι
931 974 1074 1018 κακῶς,
1121 971 1250 1010 αὐτοὶ
1292 972 1341 1010 δὲ
1383 971 1663 1024 Σπαρτιῆταί

178 1045 290 1085 φασι
327 1033 376 1072 ἐκ
411 1034 652 1084 δαιμονίου
689 1034 769 1084 μὲν
804 1033 991 1075 οὐδενὸς
1025 1037 1220 1085 μανῆναι
1249 1033 1538 1085 Κλεομένεα,
1566 1034 1658 1073 Σκό-

178 1097 269 1147 θῃσι
297 1096 340 1134 δὲ
371 1096 596 1148 ὁμιλήσαντά
623 1110 680 1149 μιν
711 1095 962 1148 ἀκρητοπότην
992 1096 1163 1147 γενέσθαι
1190 1098 1252 1136 καὶ
1280 1097 1322 1135 ἐκ
1342 1097 1472 1136 τούτου
1493 1100 1658 1149 μανῆναι.

290 1176 399 1216 VIII
419 1178 472 1216 84
486 1175 722 1228 Ἀμεινίης
742 1176 773 1215 Π
787 1177 1015 1228 αλληνεὺς
1034 1177 1250 1229 ἐξαναχθεὶς
1271 1177 1331 1228 νηῒ
1348 1178 1525 1230 ἐμβάλλει
1546 1206 1658 1216 .....

173 1238 421 1291 Ἀθηναῖοι
449 1240 515 1291 μὲν
544 1240 662 1278 οὕτω
691 1239 881 1290 λέγουσι
908 1243 974 1291 τῆς
1000 1240 1210 1292 ναυμαχίης
1238 1240 1409 1291 γενέσθαι
1436 1241 1499 1291 τὴν
1529 1241 1659 1292 ἀρχὴν,

179 1303 417 1354 Αἰγινῆται
461 1304 512 1342 δὲ
546 1304 610 1354 τὴν
652 1303 746 1342 κατὰ
778 1304 862 1346 τοὺς
892 1302 1072 1346 Αἰακίδας
1105 1304 1394 1356 ἀποδημήσασαν
1430 1304 1468 1346 ἐς
1499 1302 1659 1354 Αἴγιναν,

181 1366 318 1418 ταύτην
347 1366 439 1406 εἶναι
466 1367 530 1417 τὴν
560 1366 731 1418 ἄρξασαν.

287 1448 308 1486 I
331 1449 354 1486 5
383 1448 481 1485 οὕτω
511 1448 577 1498 μὲν
607 1446 783 1499 Πέρσαι
816 1447 1006 1497 λέγουσι
1042 1447 1214 1497 γενέσθαι
1242 1449 1298 1497 (v.
1317 1462 1356 1499 p.
1380 1449 1451 1498 20)
1474 1475 1483 1485 .
1506 1476 1515 1485 .
1538 1475 1547 1485 .
1579 1449 1661 1499 περὶ

180 1511 222 1548 δὲ
256 1513 321 1561 τῆς
353 1508 447 1551 Ἰοῦς
487 1509 567 1548 οὐκ
608 1509 916 1561 ὁμολογέουσι
953 1509 1160 1561 Πέρσῃσι
1201 1510 1312 1548 οὕτω
1354 1510 1605 1551 Φοίνικες.
1628 1538 1657 1555 .,

179 1573 251 1613 sed
292 1573 401 1612 illam
435 1588 459 1612 a
492 1572 732 1612 Phoeniciae
771 1573 884 1612 navis
918 1573 1019 1612 duce
1060 1573 1266 1625 gravidam
1303 1579 1512 1625 parentum
1551 1579 1659 1612 metu

179 1651 252 1677 sua
279 1641 422 1689 sponte
450 1636 672 1676 Phoenices
701 1641 879 1676 secutam
908 1650 1006 1675 esse.
1056 1635 1248 1675 Similiter
1268 1636 1336 1675 ΠΙ
1354 1638 1406 1675 49
1428 1635 1658 1675 Herodotus

177 1701 295 1740 finxit
327 1699 670 1743 Lacedaemonios
705 1700 855 1750 dicere,
899 1714 942 1740 se
975 1700 1027 1739 ad
1061 1698 1216 1739 Samios
1251 1699 1302 1739 ob
1335 1699 1520 1739 iniuriam
1561 1700 1660 1752 ipsis

178 1764 328 1803 illatam
357 1763 488 1816 poena
510 1763 742 1802 afficiendos
767 1763 969 1815 Polycrati
989 1762 1137 1802 bellum
1162 1764 1356 1813 intulisse,
1386 1762 1541 1802 Samios
1566 1777 1659 1802 vero

178 1833 337 1881 putare,
373 1827 463 1867 illos
497 1827 649 1880 gratiae
682 1841 755 1880 pro
790 1827 956 1879 antiquo
989 1826 1184 1866 beneficio
1221 1826 1449 1866 referendae
1482 1840 1603 1867 causa
1637 1842 1660 1866 a

180 1897 351 1944 tyranno
387 1891 497 1943 ipsos
532 1890 699 1930 liberare
734 1891 919 1930 voluisse.
968 1891 1017 1929 cf.
1040 1890 1102 1929 Vl
1119 1891 1171 1930 53
1199 1891 1257 1942 (p.
1275 1891 1358 1941 34).
1413 1890 1517 1930 Item
1544 1890 1659 1930 Plu-

179 1955 372 1996 tarchus
392 1955 476 2009 agit
494 1955 563 1994 vit.
584 1953 667 1995 Sol.
688 1956 754 1994 10:
783 1955 824 1993 οἱ
852 1955 918 2006 μὲν
947 1953 1009 1993 οὖν
1038 1955 1204 1993 πολλοὶ
1231 1959 1283 2007 τῷ
1303 1953 1445 1994 Σόλωνι
1465 1955 1659 2006 συναγωνί-

180 2020 317 2060 σασθαι
337 2019 521 2070 λέγουσι
539 2020 603 2070 τὴν
624 2017 798 2071 “Ομήρου
819 2018 940 2061 δόξαν.
982 2017 1192 2071 ἐμβαλόντα
1210 2019 1279 2070 γὰρ
1300 2018 1407 2057 αὐτὸν
1428 2017 1515 2060 ἔπος
1527 2033 1562 2057 κ.
1578 2033 1609 2057 τ.
1625 2021 1658 2057 λ.

180 2082 306 2121 αὐτοὶ
335 2082 363 2121 δ’
389 2081 613 2134 Ἀθηναῖοι
641 2084 759 2120 ταῦτα
782 2080 947 2120 οἴονται
975 2081 1153 2133 φλυαρίαν
1183 2081 1285 2120 εἶναι.

290 2223 451 2264 Deinde
480 2223 712 2263 Herodotus
741 2223 944 2263 nonnullis
972 2224 1070 2264 locis
1104 2237 1245 2265 unam
1281 2237 1375 2262 rem
1408 2222 1464 2262 ad
1491 2223 1660 2275 plures

179 2289 391 2342 populos
419 2288 747 2340 pertinentem
776 2302 982 2328 narrans
1010 2288 1068 2328 ad
1097 2287 1182 2327 hos
1211 2302 1373 2327 omnes
1402 2287 1470 2326 ita
1490 2301 1659 2339 provo-

179 2352 330 2401 cavit,
366 2357 437 2401 ut,
473 2351 607 2403 quod
635 2352 817 2403 quique
846 2352 940 2391 soli
968 2352 1196 2390 fecerant
1223 2357 1305 2390 aut
1332 2351 1390 2390 ad
1419 2365 1501 2390 eos
1529 2351 1660 2390 solos

179 2414 480 2468 pertinebat,
509 2414 557 2455 id
586 2415 745 2468 ipsum
773 2429 851 2455 eos
880 2414 1110 2467 deinceps
1139 2429 1340 2455 narrare
1369 2413 1571 2455 diceret.

286 2510 352 2551 Ita
378 2524 545 2551 narrans
562 2510 739 2563 Argivos
767 2510 817 2550 ab
836 2510 1048 2563 Aeginetis
1078 2510 1118 2549 in
1144 2510 1335 2549 auxilium
1354 2515 1515 2549 vocatos
1534 2509 1659 2550 Athe-

179 2574 378 2616 niensium
410 2574 629 2616 exereitum
662 2574 704 2614 in
740 2574 871 2614 insula
898 2574 1058 2626 Aegina
1090 2573 1241 2625 proelio
1269 2573 1482 2623 devicisse,
1518 2579 1661 2626 prout
