1844 2898
798 65 1062 103 -56-

300 169 324 208 Ι
340 172 364 208 9
393 169 573 219 λέγουσι
601 171 641 207 οἱ
668 171 718 207 τὰ
738 169 992 221 σαφέστατα
1014 169 1376 221 Πελοποννησίων
1397 171 1543 222 μνήμη
1561 171 1673 222 παρὰ

195 234 276 270 τῶν
305 231 513 284 πρότερον
542 233 806 284 δεδεγμένοι
836 232 984 271 Πέλοπα
1004 259 1141 271 .....
1171 234 1234 284 τὴν
1265 233 1471 285 ἐπωνυμίαν
1505 236 1570 285 τῆς
1596 234 1671 286 χώ-

195 310 260 347 ρας
302 293 439 346 ἔπηλυν
484 295 570 335 ὅντα
619 297 719 348 ὅμως
762 299 863 348 σχεῖν
898 325 907 334 .
929 326 938 335 .
960 324 970 334 .
992 326 1001 335 .
1036 296 1252 348 (Pelopem
1294 302 1455 336 narrant
1491 297 1519 336 ii
1555 297 1672 337 Pelo-

194 358 499 411 ponnesiorum,
541 360 612 412 qui
649 360 906 400 certissimam
950 360 1181 400 memoriam
1222 361 1271 401 de
1314 376 1360 402 eo
1396 376 1420 401 a
1454 360 1671 400 maioribus

193 424 463 475 acceperunt).

302 504 425 542 Plat.
447 504 565 543 Polit.
586 505 630 543 II
646 506 684 555 8,
706 506 784 544 366
813 506 851 544 αἱ
880 507 1024 544 τελεταὶ
1053 506 1149 557 μέγα
1177 506 1346 563 δύνανται
1365 509 1415 548 ὡς
1443 507 1487 545 αἱ
1506 505 1671 556 μέγισται

192 566 343 609 πόλεις
371 567 578 618 λέγουσιν
608 569 670 606 καὶ
697 569 732 606 οἱ
760 569 856 607 θεῶν
885 570 1012 611 παῖδες
1039 570 1196 621 ποιηταί.

302 646 477 698 Ephor.
503 662 566 698 ap.
593 646 723 687 Strab.
744 648 788 686 X
812 649 890 687 482
917 678 926 686 .
949 678 957 686 .
981 678 989 686 .
1020 648 1229 698 λέγεσθαι
1263 649 1341 687 ὑπὸ
1374 651 1454 686 τῶν
1485 647 1669 699 Κρητῶν

193 712 244 751 ὡς
270 709 348 761 παρ’
383 708 510 751 αὐτοὺς
539 710 702 762 ἀφίκοιτο
733 711 956 763 Λυκοῦργος.

302 789 504 829 Diodor.
533 790 601 829 III
621 792 691 840 66,
718 792 740 829 5
785 793 865 843 περὶ
906 791 1084 830 Διονύσου
1127 791 1281 842 διέξιμεν
1329 791 1378 829 τὰ
1424 791 1539 843 παρὰ
1581 794 1669 833 τοῖς

193 854 350 905 Λίβυσι
392 851 614 904 λεγόμενα
652 854 714 891 καὶ
752 857 822 892 τῶν
856 853 1085 905 εΕλληνικῶν
1132 854 1372 906 συγγραφέων
1413 854 1491 892 ὅσοι
1530 853 1670 897 τούτοις

192 917 374 968 σύμφωνα
403 916 620 968 γεγράφασι.
667 916 770 955 Item
800 917 1051 956 Herodotum
1080 932 1212 956 rerum
1231 917 1460 956 Indicarum
1488 922 1669 957 auctores

190 979 340 1031 Libyes
369 978 582 1030 protulisse
610 978 795 1018 vidimus.

298 1058 361 1097 IV
377 1060 426 1096 77
458 1059 495 1097 ἐν
526 1058 634 1110 Νύσῃ
663 1060 982 1111 μυθολογοῦσιν
1012 1060 1054 1097 οἱ
1083 1059 1298 1111 ἐγχώριοι
1327 1060 1472 1111 ἀρχαῖοι
1491 1063 1670 1112 τραφῆναι

189 1122 249 1160 τὸν
278 1121 463 1160 Διόνυσον.

297 1201 409 1241 V52
445 1203 742 1253 μυθολογοῦσι
777 1202 927 1245 Νάξιοι
961 1204 1042 1254 περὶ
1075 1206 1139 1241 τοῦ
1172 1204 1262 1242 θεοῦ
1301 1203 1432 1242 τούτου
1466 1202 1535 1253 (de
1569 1202 1668 1242 Dio-

189 1267 308 1317 nyso)
328 1295 337 1303 .
360 1294 369 1303 .
392 1295 401 1304 .

296 1344 408 1383 V83
439 1345 488 1383 τὰ
526 1346 639 1397 παρὰ
677 1349 767 1387 τοῖς
810 1344 1033 1388 Τενεδίοις
1077 1346 1443 1397 μυθολογούμενα
1484 1347 1565 1397 περὶ
1605 1349 1668 1384 τοῦ

186 1408 373 1450 κτίσαντος
400 1409 464 1459 τὴν
493 1407 596 1447 πόλιν
625 1407 754 1447 Τένου.

295 1488 362 1527 IX
381 1489 428 1528 13
463 1489 513 1528 de
542 1489 698 1529 Biantis
732 1490 865 1529 animo
900 1504 1094 1542 generoso
1135 1495 1269 1528 narrat
1295 1519 1429 1528 .....
1466 1491 1593 1542 φασὶν
1629 1492 1669 1529 οἱ

188 1552 405 1604 Πριηνεῖς.

295 1631 547 1672 Plutarch.
569 1632 795 1685 Lycurg4:
830 1631 1056 1683 Αἰγύπτιοι
1085 1633 1189 1684 πρὸς
1221 1632 1352 1674 αὐτοὺς
1381 1632 1579 1685 ἀφικέσθαι
1607 1633 1665 1671 τὸν

186 1697 396 1746 Λυκοῦγγον
426 1695 611 1742 οἴονται,
641 1697 703 1734 καὶ
730 1697 794 1747 τὴν
824 1697 895 1734 ἀπὸ
925 1699 996 1734 τῶν
1025 1696 1146 1734 ἄλλων
1176 1699 1293 1746 γενῶν
1322 1699 1385 1734 τοῦ
1407 1696 1569 1748 μαχίμου
1592 1697 1665 1734 διά-

184 1772 296 1811 κρισιν
326 1763 555 1811 μετενεγκεῖν
586 1759 638 1801 εἰς
666 1760 729 1811 τὴν
759 1759 939 1812 Σπάρτην.
998 1763 1110 1798 ταῦτα
1145 1760 1209 1811 μὲν
1244 1759 1306 1798 οὖν
1339 1758 1547 1810 Αἰγυπτίοις
1581 1758 1667 1798 ἔνιοι

183 1824 245 1862 καὶ
273 1826 344 1861 τῶν
368 1821 595 1874 Ἑλληνικῶν
627 1823 868 1875 συγγραφέων
899 1827 1150 1876 μαρτυροῦσιν.
1209 1823 1260 1862 V.
1277 1816 1430 1863 Herod.
1452 1823 1603 1863 11167.

293 1903 493 1942 Lucian.
524 1903 683 1943 Timon.
706 1906 750 1943 6:
786 1905 819 1943 εἰ
848 1905 897 1955 μὴ
928 1905 1051 1956 ἀληθῆ
1082 1905 1156 1943 ἐστι
1184 1904 1233 1943 τὰ
1263 1905 1342 1942 ὑπὸ
1372 1903 1553 1956 Κρητῶν
1586 1906 1667 1956 περὶ

186 1971 252 2006 σοῦ
280 1967 551 2017 (Mercurium
581 1982 671 2006 cum
701 1968 798 2007 Iove
825 1969 1119 2019 colloquentem
1138 1968 1251 2019 facit)
1279 1970 1341 2006 καὶ
1368 1972 1433 2018 τῆς
1453 1969 1535 2007 ἐκεῖ
1548 1972 1667 2020 ταφῆς

183 2030 563 2082 μυθολογούμενα.

292 2111 584 2163 Icaromenipp.
610 2114 657 2152 19
687 2112 756 2162 (de
782 2112 1108 2164 Myrmidonibus
1136 2112 1331 2163 loquitur)
1360 2127 1404 2151 το
1413 2113 1433 2151 b
1443 2128 1461 2155 ς
1488 2113 1665 2155 παλαιοὺς

182 2175 352 2227 μύθους
381 2174 577 2227 ἐπίσκεφαι
604 2179 686 2214 τῶν
716 2175 960 2215 Θετταλῶν.

288 2250 548 2303 Philospeud.
571 2252 594 2290 3
630 2250 798 2303 Κρῆτες
826 2252 885 2290 τὸν
915 2251 999 2294 Διὸς
1028 2253 1142 2304 τάφον
1171 2251 1398 2293 δεικνύοντες
1433 2251 1500 2291 οὐκ
1535 2252 1665 2304 αἰσχύ-

178 2329 311 2363 νονται,
342 2313 574 2366 Ἀθηναῖοι
608 2315 649 2353 δὲ
684 2315 744 2353 τὸν
769 2314 960 2367 Ἐρεχθέα
995 2315 1036 2354 ἐκ
1071 2318 1135 2366 τῆς
1169 2318 1235 2366 γῆς
1277 2316 1499 2367 ἀναδοθῆναι
1541 2317 1665 2369 φασὶ,

178 2378 271 2416 πολὺ
301 2377 517 2429 σεμνότερον
546 2378 645 2417 οὗτοι
674 2381 744 2417 τῶν
775 2378 1000 2431 Θηβαίων,
1031 2379 1065 2417 οἳ
1095 2380 1131 2421 ἐξ
1154 2378 1275 2431 ὄφεως
1297 2379 1454 2418 ὀδόντων
1475 2379 1664 2432 Σπαρτούς

178 2455 276 2482 τινας
304 2440 669 2494 ἀναβεβλαστηκέναι
699 2443 968 2493 διηγοῦνται.

287 2509 498 2548 Pausan.
520 2509 542 2548 I
564 2511 600 2559 1,
621 2511 664 2548 4:
694 2510 753 2548 τὸν
775 2510 946 2562 Φάληρον
972 2509 1205 2560 Ἀθηναῖοι
1225 2512 1378 2549 πλεῦσαι
1397 2510 1488 2562 μετὰ
1503 2510 1666 2553 Ἰάσονός

178 2586 307 2626 φασιν
339 2573 378 2615 ἐς
407 2572 594 2625 Κόλχους.
