1844 2898
812 64 1079 103 -64-

211 168 421 208 Dodonaei
454 169 659 207 oraculum
698 168 963 208 constituisse.
1020 168 1294 208 Δωδωναίων
1328 171 1372 208 αἱ
1405 170 1560 222 ἵρειαι,
1603 173 1683 209 τῶν

210 237 264 283 τῇ
292 233 593 285 πρεσβυτάτῃ
628 231 801 283 οὔνομα
828 231 880 283 ἦν
909 231 1188 284 Προμένεια,
1216 235 1268 284 τῆ
1297 233 1347 271 δὲ
1377 233 1486 284 μετὰ
1512 233 1683 285 ταότην

210 294 460 347 Τιμαρέτη,
489 295 541 345 τῇ
569 295 619 333 δὲ
647 296 850 345 νεωτάτη
881 294 1138 347 Νικάνδρη,
1168 294 1327 345 ἔλεγον
1354 299 1507 335 ταῦτα.

316 402 382 440 III
400 404 450 440 54
472 415 531 452 sq.
561 407 711 450 narrat,
747 415 836 440 cum
864 401 1170 441 Lacedaemonii
1199 400 1363 441 Samum
1392 409 1684 455 oppugnarent,

208 464 399 504 adversus
439 464 689 516 Polycratem
732 463 881 502 bellum
924 469 1128 516 gerentes,
1175 464 1276 503 duos
1311 479 1359 503 ex
1401 479 1536 504 eorum
1572 479 1683 504 exer-

208 530 303 578 citu,
334 529 539 580 Lycopam
569 534 689 579 atque
710 527 911 577 Archiam,
940 528 980 566 in
1009 528 1147 567 urbem
1177 528 1303 580 ipsam
1332 528 1524 568 invasisse
1547 528 1683 580 ibique

208 592 362 630 fortiter
394 596 622 642 pugnantes
656 590 862 630 occidisse.
920 593 970 630 55
1009 591 1149 643 Ἀρχίης
1181 592 1242 630 καὶ
1276 592 1460 644 Λυκώπης
1501 592 1682 631 ἀπέθανον

208 656 245 693 ἐν
275 658 318 705 τῆ
347 654 432 692 πόλι
465 656 535 692 τῶν
565 653 724 704 Σαμίων.
782 654 915 706 τρίτῳ
953 655 1001 693 δὲ
1036 654 1107 692 ἀπ’
1125 654 1317 707 Ἀρχίεω
1353 655 1517 693 τούτου
1554 669 1681 706 γεγο-

205 718 299 757 νότι
336 718 455 770 ἄλλῳ
491 716 648 769 Ἀρχίῃ
684 721 743 768 τῷ
773 716 946 768 Σαμίου
975 720 1038 756 τοῦ
1062 716 1227 769 Ἀρχίεω
1264 716 1397 760 αὐτὸς
1434 718 1478 756 ἐν
1509 717 1681 768 Πιτάνη

207 780 543 832 συνεγενόμην,
572 794 677 819 eum
698 780 874 818 omnium
894 779 1137 819 advenarum
1157 781 1326 819 maxime
1342 779 1498 819 Samios
1513 781 1681 820 coluisse

206 851 246 882 et
273 845 484 892 dixisse,
519 843 649 894 patri
683 858 769 881 suo
799 842 958 882 Samio
994 858 1165 882 nomen
1194 843 1360 882 datum
1389 858 1513 893 esse,
1549 844 1682 895 quod

205 907 310 945 eius
340 912 478 958 pater
497 904 625 944 Sami
654 906 871 957 gloriose
900 912 1121 945 mortuus
1140 912 1288 956 esset,
1318 921 1471 958 seque
1492 906 1681 946 Samios

203 969 475 1021 praecipuis
504 969 765 1008 honoribus
785 970 1004 1018 afficere,
1032 970 1144 1020 quia
1162 970 1314 1021 ipsius
1334 985 1466 1010 avum
1494 971 1681 1023 publice

204 1033 500 1073 extulissent
521 1060 530 1069 .
551 1060 561 1070 .
583 1061 592 1070 .
612 1034 715 1084 τιμᾶν
738 1033 779 1071 δὲ
799 1032 961 1084 Σαμίους
989 1031 1077 1085 ἔφη,
1106 1032 1197 1071 διότι
1223 1033 1385 1086 ταφῆναί
1407 1034 1442 1071 οἱ
1460 1035 1519 1072 τὸν
1539 1036 1680 1073 πάππον

204 1099 364 1150 δημοσίῃ
407 1097 476 1136 ὑπὸ
517 1096 678 1148 Σαμίων.
741 1098 791 1136 56
828 1095 1109 1149 Λακεδαιμόνιοι
1151 1097 1193 1136 δὲ
1235 1098 1287 1140 ὥς
1320 1110 1383 1151 σφι
1416 1098 1681 1151 τεσσεράκοντα

204 1161 422 1211 ἐγεγόνεσαν
451 1160 597 1210 ἡμέραι,
627 1161 902 1197 ἀπαλλάσσοντο
933 1161 971 1200 ἐς
1001 1159 1292 1210 Πελοπόννησον.

310 1249 377 1288 IX
401 1251 449 1288 15
479 1249 599 1287 refert
618 1249 856 1301 Attaginum
876 1249 1112 1288 Thebanum
1132 1248 1388 1289 Mardonium
1417 1256 1536 1301 atque
1563 1250 1680 1302 quin-

202 1313 397 1365 quaginta
425 1312 569 1351 Persas
598 1312 649 1350 ad
677 1326 843 1350 coenam
872 1326 1051 1361 vocasse,
1092 1311 1295 1360 Ἀτταγῖνος
1324 1314 1456 1351 ἐκάλεε
1486 1314 1543 1351 ἐπὶ
1571 1314 1679 1355 Εείνια

203 1407 211 1415 .
233 1407 242 1416 .
265 1407 274 1416 .
297 1407 306 1415 .
341 1378 388 1415 16
419 1374 532 1415 Τάδε
561 1375 608 1414 δὲ
636 1374 718 1427 ἤδη
750 1376 798 1415 τὰ
828 1376 1029 1415 ἐπίλοιπα
1057 1375 1219 1428 ἤκουον
1246 1375 1520 1429 Θερσάνδρου
1550 1377 1679 1429 ἀνδρὸς

195 1440 455 1492 Ὀρχομενίου.
504 1439 585 1491 ἔφη
619 1440 661 1478 δὲ
692 1440 711 1477 ὁ
741 1439 1016 1491 Θέρσανδρος
1044 1440 1224 1491 κληθῆναι
1251 1441 1313 1478 καὶ
1332 1440 1442 1482 αὐτὸς
1462 1439 1677 1479 ὑπὸἈττα-

199 1505 298 1554 γίνου
336 1504 393 1542 ἐπὶ
421 1504 462 1542 τὸ
491 1504 632 1542 δεῖπνον
663 1532 894 1543 ........
924 1506 1037 1542 ταῦτα
1066 1504 1131 1555 μὲν
1161 1506 1225 1550 τοῦ
1250 1502 1490 1557 Ὀρχομενίου
1520 1503 1676 1556 Θερσάν-

199 1570 286 1620 δρου
315 1567 451 1618 ἤκουον
479 1568 541 1605 καὶ
568 1568 656 1605 τάδε
684 1568 773 1618 πρὸς
800 1568 956 1605 τούτοισι
985 1595 1214 1606 ........
1249 1569 1293 1604 Π
1325 1566 1535 1619 Μαρδονίου
1565 1567 1606 1605 δὲ
1640 1567 1677 1604 ἐν

197 1636 243 1681 τῇ
284 1629 445 1680 Βοιωτίῃ
503 1630 885 1681 στρατοπεδευομένου
929 1631 963 1668 οἱ
1006 1631 1071 1681 μὲν
1114 1630 1217 1669 ἄλλοι
1263 1631 1477 1682 παρείχοντο
1522 1630 1677 1671 ἅπαντες

200 1694 367 1745 στρατιήν
396 1694 458 1731 καὶ
488 1692 735 1745 συνεσέβαλον
766 1693 804 1735 ἐς
828 1692 1007 1744 Ἀθήνας,
1037 1696 1161 1744 μοῦνοι
1190 1693 1232 1731 δὲ
1262 1692 1418 1735 Φωκέες
1444 1707 1479 1731 κ.
1495 1707 1525 1731 τ.
1542 1695 1575 1731 λ.

305 1783 412 1822 VIII
435 1785 485 1822 65
527 1782 628 1835 (ἔφη
665 1783 840 1824 Δικαῖος
883 1784 902 1821 ὁ
936 1783 1183 1825 Θεοκύδεος
1213 1812 1223 1821 .
1251 1812 1260 1821 .
1287 1812 1296 1821 .
1327 1786 1440 1821 ταῦτα
1478 1782 1623 1824 Δικαῖος
1657 1782 1677 1820 ὁ

196 1847 404 1888 Θεοκύδεος
438 1845 565 1896 ἔλεγε)
600 1846 682 1883 veri
717 1846 884 1884 similius
919 1852 979 1884 est
1012 1846 1063 1884 ad
1100 1846 1354 1897 scriptorem,
1389 1846 1502 1884 cuius
1531 1845 1676 1885 librum

195 1910 354 1962 legerit,
384 1923 504 1960 quam
533 1908 583 1948 ad
612 1922 723 1958 eum,
759 1923 807 1947 ex
837 1909 951 1948 cuius
980 1923 1047 1948 ore
1075 1909 1161 1961 ipse
1189 1908 1398 1959 audiverit,
1427 1908 1679 1947 Herodotum

196 1986 432 2025 provocasse
460 1973 515 2023 (v.
538 1987 577 2024 p.
597 1973 681 2022 44).

304 2068 381 2107 His
409 2082 569 2119 quoque
599 2068 697 2107 locis
724 2067 776 2107 ad
796 2082 855 2118 ea,
885 2081 988 2118 quae
1012 2067 1100 2119 ipse
1118 2066 1285 2116 audivit,
1314 2066 1565 2106 Herodotum
1586 2081 1677 2120 pro-

129 2161 138 2171 .
193 2144 335 2170 vocare
366 2130 532 2170 concedi
561 2136 710 2182 potest:

300 2221 321 2260 I
346 2223 391 2260 51
426 2227 580 2260 cratera
607 2236 631 2260 o
661 2220 812 2260 Croeso
840 2221 1022 2272 Apollini
1055 2220 1284 2259 dedicatum
1312 2218 1514 2258 describit.
1571 2220 1677 2273 φασὶ

192 2286 234 2324 δέ
265 2301 322 2336 μιν
352 2286 515 2337 Δελφοὶ
544 2285 743 2336 Θεοδώρου
774 2287 838 2323 τοῦ
866 2284 1007 2334 Σαμίου
1037 2282 1141 2336 ἔργον
1176 2283 1279 2322 εἶναι.
1336 2281 1431 2321 ἄλλα
1464 2297 1504 2321 τε
1539 2283 1675 2334 ἀναθή-

192 2363 289 2400 ματα
331 2347 527 2400 ἀπέπεμψε
565 2348 583 2386 ὁ
620 2346 776 2399 Κροῖσος
818 2347 879 2385 καὶ
922 2347 967 2398 δὴ
1010 2348 1073 2385 καὶ
1115 2347 1284 2397 γυναικὸς
1327 2344 1478 2384 εἴδωλον
1517 2346 1675 2398 χρύσεον

190 2412 359 2463 τρίπηχυ,
391 2412 432 2449 τὸ
451 2412 614 2463 Δελφοὶ
642 2414 707 2462 τῆς
725 2410 930 2463 ἀρτοκόπου
951 2414 1016 2461 τῆς
1036 2409 1195 2462 Κροίσου
1217 2408 1341 2448 εἰκόνα
1369 2409 1553 2460 λέγουσι
1572 2409 1676 2449 εἶναι.

297 2501 317 2540 Ι
346 2503 391 2540 14
429 2503 448 2540 ὃ
479 2502 521 2540 δὲ
551 2502 689 2553 χρυσὸς
717 2500 822 2543 οὗτος
850 2501 911 2540 καὶ
941 2502 961 2539 ὁ
989 2500 1162 2553 ἄργυρος,
1197 2501 1257 2539 τὸν
1293 2501 1313 2538 ὁ
1349 2499 1469 2551 Γύγης
1502 2499 1675 2552 ἀνέθηκε,

190 2567 268 2605 ὑπὸ
297 2566 481 2618 Δελφῶν
512 2565 725 2604 καλέεται
756 2565 936 2615 Γυγάδας.
