1844 2898
778 96 1044 137 ...γι-ο

176 202 563 257 (»Megasthenis
595 203 795 243 Indica«
836 202 974 243 Bonn
1012 204 1131 252 1846,
1173 217 1212 254 p.
1238 203 1299 252 4),
1346 216 1474 253 neque
1512 201 1640 241 solum

176 272 352 305 monstra
379 268 462 316 illa,
491 267 562 306 sed
590 268 666 306 alia
693 282 863 318 quoque.
924 268 998 306 192
1028 266 1124 304 dicit
1151 266 1397 314 Herodotus,
1432 279 1568 303 cervos
1601 270 1641 302 et

176 343 267 368 sues
294 329 404 370 feros,
426 330 465 368 in
486 330 615 382 Libya
642 330 802 369 omnino
831 344 911 368 non
938 329 1119 378 inveniri,
1148 328 1219 367 sed
1247 328 1286 366 in
1306 328 1422 366 India
1441 342 1519 366 non
1548 333 1640 365 sunt

175 392 302 443 (Ctes.
322 393 411 431 Ind.
434 394 501 443 13,
530 392 738 432 Schwanb.
765 409 802 445 p.
820 395 880 443 3);
924 392 1011 431 eod.
1040 393 1143 431 loco:
1188 394 1288 442 μυῶν
1327 392 1368 429 δὲ
1402 391 1510 440 γένεα
1543 390 1639 441 τριξὰ

176 456 308 495 αὖτόθί
333 457 419 495 ἐστι.
466 458 566 508 οἱμὲν
597 457 739 499 δίποδες
766 457 974 503 καλέονται,
1009 458 1043 494 οἱ
1077 457 1117 494 δὲ
1149 455 1306 506 ζεγέριες
1335 455 1393 505 (τὸ
1428 455 1468 491 δὲ
1502 454 1638 503 οὔνομα

175 524 277 559 τοῦτο
308 521 383 559 ἐστὶ
416 522 481 572 μὲν
511 522 687 573 Λιβυκὸν,
723 521 870 559 δύναται
903 522 944 560 δὲ
978 521 1052 559 κατ’
1079 520 1243 559 Ἐλλάδα
1277 522 1442 569 γλῶσσαν
1480 517 1637 569 βουνοῦς

176 584 245 623 sed
273 584 438 623 dubium
467 599 546 623 non
575 590 651 633 est,
680 585 778 635 quin
807 599 943 623 vocem
978 585 1158 623 Indicam
1187 583 1416 622 Herodotus
1450 582 1639 630 interpre—

174 653 280 687 tatus
323 648 374 687 sit
414 646 647 698 (Schwanb.
685 662 723 699 p.
749 651 790 686 3:
838 650 1020 687 samm-ito
1061 649 1240 686 vocabulo
1287 648 1385 698 qiri
1430 644 1638 682 nzwculiuo

172 711 410 761 siqnfficatw·
451 709 563 760 ὅρος,
606 710 778 761 βουνός,
811 711 1005 759 feminino
1042 711 1147 760 μῦς).
1205 710 1285 757 Qui
1320 710 1439 759 igitur
1473 706 1636 756 cogitari

174 778 305 824 potest
332 772 429 811 haec
456 772 505 811 ab
525 772 635 811 Afris
663 778 732 811 aut
751 772 955 811 Herodoto
984 773 1059 824 ipsi
1088 778 1157 811 aut
1184 773 1283 821 aliis,
1312 771 1381 822 qui
1402 771 1456 809 illi
1478 768 1638 808 rettule-

173 836 264 884 rint,
292 835 504 885 aliquando
533 842 689 874 narrata
717 837 826 874 esse?
874 836 954 873 Sed
983 851 1030 873 ex
1059 836 1119 874 his
1148 836 1245 885 ipsis
1273 836 1369 873 loeis
1393 839 1569 884 apparet,
1598 831 1638 868 id

173 899 281 951 quod
310 899 442 937 inultis
471 899 559 937 aliis
588 899 684 937 locis
704 899 939 948 videbimus,
970 899 1230 942 Herodotum,
1261 897 1382 949 quod
1411 909 1637 948 quemque

174 963 395 1014 populum
436 963 605 1001 fecisse
647 963 870 1001 traditum
913 969 1013 1001 erat
1054 969 1132 1001 aut
1171 963 1327 1013 aliqua
1370 962 1547 999 ratione
1582 958 1637 997 ad

174 1040 274 1064 eum
303 1025 586 1076 pertinebat,
616 1025 671 1063 ad
699 1025 945 1063 arbitrium
965 1026 1050 1063 hoc
1069 1040 1186 1074 eum,
1217 1031 1266 1063 ut
1284 1025 1480 1076 primum
1500 1022 1637 1060 huius

173 1089 237 1127 rei
266 1094 520 1137 auctorem,
555 1103 744 1126 narrare
773 1087 959 1128 dixisse.
1016 1088 1079 1127 Ita
1108 1088 1228 1127 Tauri
1258 1094 1297 1127 et
1324 1087 1437 1126 Medi
1465 1090 1636 1131 narrant,

172 1150 279 1201 quod
315 1151 552 1190 fabulatores
586 1151 729 1189 Graeci
772 1151 820 1190 de
863 1152 909 1190 iis
943 1153 1138 1190 finxerant
1175 1151 1243 1199 (de
1277 1151 1422 1189 Medea
1454 1148 1635 1187 Medio-ae

171 1214 301 1267 gentis
341 1220 463 1253 matre
491 1213 657 1253 Hesiod.
679 1214 830 1267 Theog.
857 1215 976 1264 1000,
1012 1214 1153 1254 Hecat.
1174 1215 1221 1253 fr.
1248 1216 1339 1263 171,
1374 1213 1531 1252 Hellan.
1554 1211 1633 1262 30).

170 1279 234 1316 Ita
267 1293 328 1316 res
361 1277 520 1316 Indicas
554 1278 640 1316 illas
680 1279 890 1328 scriptores
929 1278 1091 1327 quidam
1126 1278 1271 1316 Graeci
1315 1279 1355 1315 in
1389 1277 1519 1326 Libya
1552 1290 1637 1313 esse

170 1341 415 1390 rettulerant,
444 1340 641 1379 communi
661 1339 905 1379 Graecorum
925 1355 1068 1390 errore,
1089 1346 1132 1379 ut
1152 1339 1487 1379 Schwanbeckius
1507 1344 1636 1377 osten-

170 1404 245 1452 dit,
290 1404 487 1455 impliciti,
530 1404 616 1454 qui,
659 1419 748 1442 cum
788 1404 979 1443 Indorum
1021 1411 1166 1443 terrain
1200 1404 1437 1454 Aethiopiae
1478 1417 1636 1453 quoque·

169 1467 327 1506 nomine
356 1472 554 1516 vocarent,
584 1467 837 1519 Aethiopiam
867 1482 959 1507 vero
979 1468 1097 1506 etiam
1119 1469 1159 1506 in
1180 1467 1309 1519 Libya
1328 1468 1441 1506 sitam
1462 1471 1636 1513 nossent,

169 1531 309 1570 Indiae
338 1545 481 1570 nomen
510 1532 682 1583 primum
702 1532 949 1583 Aethiopiae,
981 1532 1123 1571 deinde
1153 1532 1277 1583 ipsius
1297 1531 1449 1582 Libyae
1479 1529 1635 1568 nomine

170 1609 288 1646 saepe
330 1594 553 1641 mutabant3
597 1601 714 1645 atque
756 1595 855 1634 tales
897 1601 1076 1634 auctores
1117 1595 1345 1633 Herodotus
1387 1598 1545 1632 secutus
1588 1591 1635 1628 de

169 1658 369 1697 miraculis
397 1658 487 1706 illis,
517 1663 562 1696 ut
589 1657 638 1696 de
667 1658 785 1697 rebus
812 1658 988 1710 Libycis,
1017 1658 1165 1710 Libyes
1194 1671 1351 1696 narrare
1380 1655 1490 1696 dixit.

276 1768 341 1806 Ita
368 1766 620 1805 manifestum
649 1772 708 1805 est
727 1767 788 1805 his
818 1767 912 1806 locis
942 1782 1034 1806 non
1064 1773 1305 1816 auctores,
1336 1767 1511 1817 quibus
1531 1766 1634 1816 ipse

168 1846 285 1871 usus
314 1836 411 1880 est,
441 1829 692 1869 Herodotum
721 1830 956 1882 significare,
990 1831 1059 1870 sed
1088 1830 1195 1882 quod
1224 1830 1272 1869 de
1302 1844 1458 1881 quoque
1489 1828 1635 1881 populo

172 1900 373 1934 narratum
402 1899 497 1943 erat,
525 1894 600 1933 hoe
628 1894 678 1933 ad
707 1894 910 1933 libidinem
940 1895 1040 1933 dixit
1068 1910 1157 1934 eum
1186 1909 1363 1933 narrare:

274 1977 358 2016 VII
379 1979 428 2016 75
458 1977 555 2015 οὖτοι
584 1979 773 2029 διαβάντες
808 1979 847 2019 ἐς
879 1980 941 2029 τὴν
967 1979 1086 2029 Ἀσίην
1122 1980 1330 2028 ἐκλήθησαν
1361 1977 1559 2022 Βιθυνοὶ,
1595 1979 1634 2015 τὸ

168 2043 208 2080 δὲ
243 2040 414 2092 πρότερον
458 2040 668 2086 ἐκαλέοντο,
712 2043 763 2082 ὡς
796 2041 917 2079 αὐτοὶ
951 2042 1146 2091 λέγουσι,
1183 2040 1412 2092 Στρυμόνιοι,
1456 2041 1635 2082 οἰκέοντες

168 2106 226 2143 ἐπὶ
260 2102 447 2154 Στρυμόνι.
503 2103 737 2153 ἐξαναστῆναι
771 2104 812 2141 δέ
847 2118 936 2155 φασι
970 2106 1007 2147 ἐξ
1042 2105 1163 2155 ἠθέων
1201 2106 1268 2143 ὑπὸ
1298 2105 1468 2156 Τευκρῶν
1504 2119 1541 2142 τε
1575 2106 1634 2142 καὶ

167 2167 318 2206 Μυσῶν.
364 2167 413 2204 89
434 2165 531 2204 οὗτοι
550 2167 584 2203 οἱ
604 2166 803 2208 Φοίνικες
824 2168 863 2205 τὸ
882 2169 1033 2205 παλαιὸν
1056 2167 1185 2213 οἴκεον,
1216 2171 1265 2210 ὡς
1291 2168 1412 2206 αὐτοὶ
1436 2168 1632 2217 λέγουσι.

169 2232 226 2269 ἐπὶ
260 2235 305 2281 τῇ
330 2228 496 2280 Ἐρυθρῇ
531 2230 711 2280 θαλάσσῃ.
769 2232 821 2268 90
851 2230 1005 2282 Κύπριοι
1039 2232 1079 2269 δὲ
1124 2232 1339 2282 παρείχοντο
1383 2232 1467 2273 νέας
1507 2233 1632 2281 πεντή-

167 2308 275 2332 κοντα
307 2293 368 2331 καὶ
402 2293 529 2331 ἑκατὸν
561 2320 571 2330 .
593 2322 601 2329 .
624 2321 633 2330 .
655 2321 664 2330 .
694 2293 832 2331 τούτων
871 2295 911 2332 δὲ
948 2295 1081 2332 τοσάδε
1116 2293 1225 2332 ἔθνεά
1262 2295 1353 2335 ἐστι.
1396 2296 1429 2332 οἱ
1462 2296 1526 2345 μὲν
1564 2295 1632 2331 ἀπὸ

166 2356 368 2407 Σαλαμῖνος
408 2357 469 2394 καὶ
507 2355 690 2407 Ἀθηνέων
720 2384 856 2395 .....
892 2358 926 2395 οἱ
970 2358 1010 2396 δὲ
1054 2359 1123 2396 ἀπὸ
1169 2357 1376 2409 Αἰθιοπίης,
1421 2360 1470 2400 ὡς
1512 2358 1632 2396 αὐτοὶ

166 2419 351 2471 Κύπριοι
386 2419 577 2469 λέγουσι.
641 2420 690 2458 62
720 2447 885 2458 ......
914 2421 1036 2458 αὐτοὶ
1069 2423 1149 2472 περὶ
1184 2422 1305 2473 σφέων
1347 2422 1419 2458 ὧδε
1455 2422 1632 2470 λέγουσι

166 2482 319 2533 Μῆδοι.
377 2481 529 2521 Eadem
558 2482 763 2521 occasione
794 2482 842 2522 de
873 2483 1082 2523 Persarum
1103 2486 1204 2535 (61),
1235 2485 1511 2523 Armeniorum
1530 2485 1632 2534 (73),

166 2544 390 2597 Lydorum,
434 2545 641 2597 Mysorum
669 2545 787 2596 (74),
830 2545 1001 2585 Cilicum
1034 2548 1152 2598 (91),
1194 2548 1503 2599 Pamphylorum
1531 2550 1633 2598 (91),

165 2607 382 2661 Lyciorum
410 2610 499 2660 (92)
533 2609 685 2662 origine
720 2614 759 2649 et
793 2611 1027 2663 antiquitate
1061 2612 1196 2652 refert:
1237 2626 1351 2663 quos
1390 2626 1479 2652 non
1518 2612 1631 2653 dicit
