1844 2898
720 105 989 145 ...61-

122 210 288 263 Lydus
316 210 527 250 historicus
556 217 784 250 narraverat
810 211 951 263 Mysos
979 225 1003 248 a
1032 210 1160 261 Lydis
1188 216 1294 249 ortos
1328 225 1414 249 esse
1449 213 1514 262 (fr.
1537 213 1591 262 8),

123 279 164 313 et
198 274 240 314 in
273 272 405 326 Lydio
441 273 589 327 oppido
617 274 821 314 Torrhebo
855 287 1011 314 sacrum
1045 272 1161 313 Jovis
1189 272 1298 313 Carii
1332 288 1417 314 esse
1445 276 1510 326 (fr.
1534 277 1590 326 2).

229 345 293 385 IV
315 347 390 386 133
423 346 569 397 λέγεται
595 348 619 398 ἡ
643 346 752 399 Ἀσίη
783 347 841 386 ἐπὶ
868 348 934 398 τὴς
963 346 1181 399 Προμηθέος
1209 346 1378 396 γυναικός
1405 349 1467 398 τὴν
1499 349 1592 386 ἐπω-

121 410 250 460 νυμίην
285 407 383 461 ἔχειν
415 411 477 448 καὶ
509 410 637 448 τούτου
674 411 739 461 μὲν
768 411 1106 463 μεταλαμβάνονται
1137 412 1201 448 τοῦ
1230 409 1406 460 ὀνόματος
1435 412 1591 457 Λυδοὶ,

122 472 319 524 φάμενοι
354 471 413 509 ἐπὶ
436 470 575 510 Ἀσίεω
612 475 676 510 τοῦ
704 471 849 513 Κότυος
876 476 939 510 τοῦ
967 472 1104 510 Μάνεω
1131 472 1334 521 κεκλῆσθαι
1361 473 1424 522 τὴν
1450 472 1591 524 Ἀσίην.

228 543 250 583 Ι
270 545 343 583 133
368 545 475 596 φασὶ
495 543 661 595 Πέρσαι
692 544 775 586 τοὺς
791 542 977 596 ιγΕλληνας
1002 544 1234 597 σιτεομένους
1257 543 1463 587 πεινέοντας
1480 547 1592 584 παύε-

123 607 219 645 σθαι.
282 608 353 646 137
384 606 589 645 ἀποκτεῖναι
615 606 749 645 οὐδένα
781 622 836 645 κω
869 608 1048 658 λέγουσι
1083 609 1143 646 τὸν
1172 608 1312 645 ἑωυτοῦ
1340 608 1478 659 πατέρα
1505 609 1592 646 οὐδὲ

124 669 277 722 μητέρα.
337 670 411 708 138
451 668 634 721 αἴσχιστον
670 669 807 708 αὐτοῖσι
844 670 1049 721 νενόμισται
1080 671 1120 709 τὸ
1156 670 1314 722 ὀφείλειν
1350 671 1472 722 χρέος.
1527 673 1592 723 μοί-

124 734 227 771 λιστα
255 732 322 784 γὰρ
351 733 548 783 ἀναγκαίην
577 734 683 784 φασὶ
711 733 800 771 εἶναι
832 734 891 772 τὸν
922 734 1114 785 ὀφείλοντα
1146 735 1207 771 καὶ
1234 748 1266 771 τι
1295 735 1428 785 ψεῦδος
1460 735 1591 784 λέγειν.

121 794 167 837 ὃς
194 794 236 834 ἄν
274 795 409 848 λέπρην
446 796 470 847 ἢ
505 796 641 848 λεύκην
676 794 749 848 ἔχη
782 796 894 848 φασί
924 811 979 848 μιν
1015 796 1054 838 ἐς
1085 797 1145 834 τὸν
1181 796 1282 847 ἥλιον
1324 797 1528 850 ἁμαρτόντα
1562 814 1592 836 τι

58 881 60 883 ·
122 862 235 898 ταῦτα
263 858 375 911 ἔχειν.

227 938 294 978 ῙΠ
313 939 364 978 89
393 939 575 990 λέγουσι
605 938 793 991 Πέρσαι,
823 941 873 981 ὡς
891 939 1042 991 Δαρεῖος
1070 939 1134 990 μὲν
1163 938 1206 991 ἦν
1225 941 1405 991 κάπηλος,
1440 941 1592 995 Καμβύ-

121 1014 190 1053 σης
218 1002 260 1041 δέ
287 1002 480 1054 δεσπότης,
509 1002 630 1054 Κῦρος
657 1003 699 1042 δέ
726 1003 856 1054 πατήρ.

227 1063 290 1103 IV
309 1065 333 1103 5
362 1068 413 1107 ὡς
440 1066 481 1104 δὲ
511 1065 683 1104 Σκύθαι
710 1066 915 1115 λέγουσι,
943 1066 1123 1103 νεώτατον
1144 1065 1307 1103 ἁπάντων
1338 1067 1474 1105 ἐθνέων
1504 1067 1593 1105 εἶναι

119 1128 162 1166 τὸ
196 1127 389 1180 σφέτερον,
423 1131 527 1167 τοῦτο
564 1129 605 1167 δὲ
639 1128 809 1179 γενέσθαι
846 1128 921 1166 ὧδε
949 1143 983 1166 κ.
1003 1143 1034 1166 τ.
1054 1130 1088 1166 λ.
1142 1141 1174 1166 c.
1205 1129 1247 1166 8:
1282 1127 1509 1180 Ἐλλήνων
1545 1131 1591 1168 δὲ

119 1191 161 1229 οἱ
201 1191 271 1229 τὸν
320 1190 485 1230 Πόντον
526 1191 753 1233 οἰκέοντες
801 1191 984 1241 λέγουσι
1027 1191 1101 1229 ὧδε
1132 1220 1142 1229 .
1171 1221 1179 1229 .
1207 1220 1215 1229 .
1270 1191 1320 1229 V.
1347 1206 1385 1243 p.
1409 1194 1472 1231 51.
1537 1193 1592 1231 Hi

121 1252 265 1292 Graeci
293 1253 451 1292 Pontici
481 1254 693 1305 scriptores
723 1253 814 1292 inde
833 1253 1014 1303 ¹oriundi,
1043 1254 1173 1304 qualis
1202 1253 1435 1293 Herodorus
1465 1255 1592 1293 Hera-

120 1317 287 1356 cleensis
314 1317 407 1367 fuit‚·
430 1316 686 1369 intellegendi
715 1323 827 1366 sunt,
857 1322 901 1355 ut
928 1316 1054 1356 Jones
1083 1317 1161 1366 illi,
1190 1316 1241 1355 ad
1270 1331 1370 1368 quos
1398 1317 1447 1356 de
1476 1318 1593 1357 rebus

120 1380 333 1431 Aegyptiis
366 1385 565 1431 provocat.
614 1380 664 1417 of.
699 1380 865 1418 Aristot.
906 1380 1024 1418 Polit.
1043 1379 1105 1418 IV
1133 1381 1194 1417 10.
1227 1381 1347 1418 1329:
1391 1382 1518 1432 φασὶν
1554 1383 1594 1419 οἱ

119 1442 259 1494 λόγιοι
306 1445 386 1481 τῶν
430 1443 528 1482 ἐκεῖ
563 1442 885 1481 κατοικούντων
922 1442 1062 1481 Ἰταλόν
1103 1457 1180 1481 τινα
1221 1443 1392 1494 γενέσθαι
1440 1443 1593 1497 βασιλέα

118 1509 182 1556 τῆς
211 1504 422 1557 Οἰνωτρίης.

226 1594 288 1633 Ηί
320 1595 416 1633 loci
450 1594 629 1645 reliqui
666 1600 792 1644 sunt,
825 1600 871 1633 et
905 1595 965 1633 iis
1001 1595 1115 1634 solis
1152 1610 1314 1634 revera
1346 1602 1591 1645 auctores,

119 1672 142 1696 a
169 1657 340 1709 quibus
369 1658 468 1709 ipse
497 1657 697 1707 audivit,
732 1657 1012 1696 Herodotus
1041 1658 1312 1710 signifieat:

227 1738 273 1777 11
302 1740 378 1778 125
412 1737 587 1790 Cheopis
623 1738 829 1790 pyramida
856 1737 1083 1778 describens
1111 1733 1231 1788 dicit}
1259 1739 1592 1791 interpretem,

120 1815 211 1841 oum
251 1801 388 1840 titulos
423 1800 460 1839 ei
493 1800 705 1852 inscriptos
741 1802 907 1853 legeret,
941 1807 986 1840 ut
1019 1802 1207 1840 memoria
1239 1803 1339 1841 bene
1374 1803 1593 1852 retinuerit,

120 1864 393 1904 narravisse
420 1864 527 1902 mille
555 1869 742 1903 sexcenta
760 1864 911 1903 talenta
936 1870 1171 1916 cousumpta
1198 1879 1294 1904 esse-
1312 1865 1353 1904 in
1381 1866 1593 1918 raphanos,

117 1940 250 1978 cepas,
278 1926 370 1964 allia
397 1926 446 1965 ab
477 1927 608 1977 operis
637 1927 891 1966 comedenda.

224 1999 269 2040 II
293 2000 367 2040 148
400 1998 444 2038 τὰ
472 1998 640 2052 μετέωρα
673 2001 744 2038 τῶν
773 1999 980 2051 οἰκημάτων
1014 1999 1265 2052 (labyrinthi)
1300 1999 1406 2039 αὐτοί
1430 2000 1592 2053 ὡρέομεν

119 2064 328 2110 διεξιόντες,
356 2063 400 2101 τὰ
425 2063 466 2101 δὲ
493 2062 610 2101 αὐτῶν
646 2063 803 2113 ὑπόγαια
829 2062 970 2113 λόγοισι
997 2063 1289 2114 ἐπυνθανόμεθα.
1331 2065 1371 2101 οἱ
1398 2065 1466 2116 γὰρ
1495 2065 1593 2102 ἐπε-

119 2129 307 2170 στεῶτες
347 2128 429 2164 τῶν
468 2124 718 2176 Αἰγυπτίων
761 2125 988 2164 δεικνύναι
1030 2125 1122 2164 αὐτὰ
1163 2126 1370 2177 οὐδαμῶς
1411 2126 1592 2178 ἤθελον,

118 2190 308 2244 φάμενοι
396 2218 406 2227 .

225 2271 270 2310 II
291 2271 369 2310 130
402 2270 520 2321 ἀγχοῦ
553 2272 617 2321 τῆς
651 2270 737 2322 βοὸς
769 2270 903 2321 ταύτης
940 2270 977 2308 ἐν
1012 2268 1115 2322 ἄλλῳ
1149 2270 1317 2322 οἰκήματι
1351 2269 1489 2312 εἰκόνες
1522 2272 1591 2308 τῶν

120 2333 326 2386 Μυκερίνου
363 2332 579 2372 παλλακέων
614 2333 755 2379 ἑστᾶσι,
791 2336 847 2375 ὡς
881 2332 1034 2383 ἔλεγον
1068 2334 1111 2371 οἱ
1145 2334 1190 2372 ἐν
1219 2334 1297 2372 Σάι·
1329 2333 1429 2372 πόλι
1463 2334 1591 2384 ἱρέες.

119 2398 244 2436 ἑστᾶσι
271 2397 337 2448 μὲν
367 2395 434 2448 γὰρ
462 2395 593 2438 ξύλινοι
620 2396 796 2434 κολοσσοί
812 2425 821 2434 .
843 2425 852 2434 .
875 2425 884 2434 .
905 2425 915 2435 .

225 2477 269 2516 Π
294 2477 368 2515 143
401 2475 575 2527 πρότερον
605 2475 790 2528 Ἑκαταίῳ
824 2478 876 2527 τῷ
910 2477 1092 2528 λογοποιῷ
1128 2476 1164 2514 ἐν
1200 2476 1345 2528 Θήβῃσι
1373 2477 1591 2527 γενεηλογή-

119 2540 221 2579 σαντί
245 2554 284 2579 τε
303 2539 440 2578 ἑωυτὸν
469 2539 530 2577 καὶ
549 2539 768 2590 ἀναδήσαντι
786 2539 850 2590 τὴν
869 2540 1019 2591 πατριὴν
1041 2539 1080 2581 ἐς
1098 2539 1353 2577 ἑκκαιδέκατον
1383 2539 1468 2577 θεὸν
1499 2539 1592 2577 ἐποί-

116 2616 211 2654 ησαν
244 2603 284 2641 οἱ
327 2602 442 2653 ἱρέες
474 2605 547 2640 τοῦ
579 2602 679 2644 Διὸς
711 2601 785 2640 οἶόν
820 2616 862 2660 τιμ
883 2603 945 2641 καὶ
979 2603 1071 2654 ἐμοί.
1121 2601 1416 2652 ἐσαγαγόντες
1459 2603 1502 2644 ἐς
1543 2604 1589 2641 τὸ
