1844 2898
794 79 1061 118 ...34-

291 182 375 221 VH
406 183 456 222 26
491 184 732 235 παρεγένοντο
762 184 801 226 ἐς
829 183 1011 226 Κελαινὰς
1039 213 1049 223 .
1067 213 1076 223 .
1094 213 1104 223 .
1134 184 1172 223 ἐν
1201 189 1246 236 τῇ
1273 185 1336 224 καὶ
1364 186 1384 224 ὁ
1412 188 1476 224 τοῦ
1504 186 1659 238 Σιληνοῦ

183 244 372 296 Μαρσύεω
406 245 518 287 ἀσκὸς
547 246 585 284 ἐν
613 251 659 297 τῇ
686 246 771 284 πόλι
798 247 1065 298 ἀνακρέμαται,
1102 248 1161 285 τὸν
1192 248 1275 286 ὑπὸ
1303 248 1496 299 Φρυγῶν
1525 248 1659 299 λόγος

182 306 279 358 ἔχει
316 309 385 346 ὑπὸ
411 308 650 352 ’Λπόλλωνος
685 310 884 362 ἐκδαρέντα
917 311 1250 362 ἀνακρεμασθῆναι.
1305 311 1495 364 Xenoph.
1524 313 1655 352 Anab.

179 369 200 408 Ι
228 371 266 420 2,
294 373 316 409 7
361 371 547 413 ἐξελαύνει
584 373 636 415 εἰς
664 372 856 415 Κελαινάς.
913 374 937 412 8
975 373 1133 412 ἐνταῦθα
1161 373 1347 424 λέγεται
1371 373 1566 414 Ἀπόλλων
1597 376 1655 414 ἐκ·

180 434 308 485 δείρειν
339 434 518 486 Μαρσύαν
547 437 609 474 καὶ
636 436 677 473 τὸ
707 436 824 487 δέρμα
851 437 1032 487 κρεμάσαι
1061 436 1098 474 ἐν
1127 441 1179 489 τῷ
1207 436 1337 489 ἄντρω.

288 534 372 573 V11
393 535 575 572 128—30
594 540 727 572 narrat
745 534 924 573 Xerxem
939 535 1063 574 Penei
1083 536 1228 574 ostium
1248 536 1399 575 visisse.
1434 538 1508 577 129
1529 538 1655 575 αὐτοὶ

179 596 243 646 μέν
280 611 341 634 νυν
372 596 606 635 Θεσσαλοί
637 610 767 650 φασι,
805 597 1041 636 Ποσειδέωνα
1069 601 1217 649 ποιῆσαι
1244 599 1304 637 τὸν
1333 599 1500 646 αὐλῶνα,
1538 600 1576 638 δι’
1610 600 1653 638 οὗ

179 659 256 710 ῥέει
287 661 306 697 ὁ
336 659 503 710 Πηνειός.

283 759 346 798 IV
371 760 445 809 1784
465 758 583 812 οὖρος,
613 765 665 813 τῷ
687 760 923 813 οὔνομαᾌέστι
942 759 1049 800 Ατλ
1059 776 1118 804 ας
1153 764 1277 800 τοῦτον
1296 761 1398 801 κίονα
1417 764 1480 800 τοῦ
1499 760 1653 814 οὐρανοῦ

174 815 366 872 λέγουσι
408 825 450 861 οἱ
493 825 740 875 ἐπιχώριοι
782 824 883 862 εἶναι.
947 823 1093 876 Odyss.
1123 825 1145 863 I
1174 826 1225 864 52
1268 824 1348 876 ἔχει
1385 826 1426 864 δέ
1464 840 1503 864 τε
1532 826 1652 867 κίονας

174 885 283 928 αὐτὸς
312 885 478 950 Μακρὰς,
509 887 546 925 αἳ
565 890 669 937 γαῖαν
699 901 738 925 τε
766 888 828 925 καὶ
855 887 1006 939 οὐρανὸν
1036 888 1149 939 ἀμφὶς
1177 886 1336 939 ἔχουσιν.

281 986 325 1024 II
355 988 405 1026 73
442 986 517 1025 ἔστι
547 986 640 1037 ὄρνις
669 988 755 1038 ἱρὸς,
785 992 836 1039 τῷ
866 987 1005 1037 οὔνομα
1033 987 1159 1039 φοῖνιξ.
1217 989 1363 1029 σπάνιος
1391 988 1558 1039 ἐπιφοιτᾷ
1587 1001 1650 1040 σφι

172 1048 210 1086 δι’
246 1049 372 1096 ἐτέων,
403 1052 460 1091 ὡς
480 1049 643 1093 ζΗλίου
672 1052 886 1100 πολιῆται
916 1050 1126 1100 λέγουσι,
1154 1050 1411 1089 πεντακοσίων.
1459 1053 1585 1103 φοιτᾶν
1607 1052 1648 1089 δὲ

170 1112 252 1151 τότε
282 1114 384 1165 φασὶ,
416 1113 524 1152 ἐπεάν
544 1114 578 1151 οἱ
607 1113 773 1164 ἀποθάνῃ
795 1114 814 1151 ὁ
833 1114 963 1165 πατήρ.
1012 1116 1135 1152 τοῦτον
1166 1114 1207 1152 δὲ
1236 1114 1385 1164 λέγουσι
1416 1112 1649 1167 ἐξἈραβιής

170 1176 392 1227 ὁρμεόμενον
437 1178 475 1219 ἐς
516 1178 556 1215 τὸ
594 1177 665 1228 ἱρὸν
701 1180 764 1214 τοῦ
792 1176 929 1214 (Ηλίου
965 1177 1123 1227 κομίζειν
1160 1178 1219 1215 τὸν
1253 1177 1393 1229 πατέρα
1430 1178 1467 1215 ἐν
1507 1178 1646 1229 σμύρνῃ

169 1240 422 1290 ἐμπλάσσοντα
450 1256 484 1278 κ.
501 1255 532 1278 τ.
548 1242 581 1277 λ.
638 1239 867 1278 Philostrat.
888 1254 923 1277 v.
941 1240 1075 1294 Apoll.
1095 1240 1162 1278 111
1182 1242 1232 1278 49
1263 1240 1286 1279 ἃ
1307 1239 1547 1290 Αἰγύπτιοι
1566 1241 1647 1291 περὶ

167 1302 279 1340 αὐτοῦ
299 1302 510 1353 ᾄδουσιν,
541 1305 591 1344 ὡς
611 1303 650 1344 ἐς
671 1301 851 1352 Αἴγυπτον
872 1302 1023 1354 φέρεται
1041 1302 1253 1341 καὶἸνδοὶ
1273 1303 1644 1354 Ευμμαρτυροῦσι.

273 1406 334 1444 VI
366 1407 415 1444 53
459 1406 638 1445 Graecos
680 1419 839 1444 narrare
875 1405 973 1443 dicit
1008 1406 1266 1444 Doriensium
1302 1420 1440 1457 regum
1476 1420 1644 1457 proavos

163 1470 257 1509 inde
286 1484 309 1509 a
336 1469 503 1519 Perseo,
540 1469 700 1508 Danaes
729 1469 833 1519 filio,
863 1468 1040 1508 Graecos
1069 1483 1234 1521 genere,
1268 1469 1469 1508 Acrisium
1499 1476 1644 1519 autem,

163 1534 325 1572 Danaes
354 1538 506 1583 patrem
529 1533 776 1584 Aegyptium
808 1546 905 1570 esse.
964 1534 1015 1570 54
1044 1536 1156 1570 ταῦτα
1180 1533 1273 1571 κατὰ
1293 1531 1476 1583 “Ελληνες
1496 1533 1643 1582 λέγουσι

162 1596 492 1648 γεγενεηλόγηται,
529 1598 586 1639 ὡς
624 1596 665 1634 δὲ
703 1596 722 1634 ὁ
754 1595 968 1647 Περσέων
1003 1594 1143 1647 λόγος
1171 1595 1376 1646 λέγεται,
1409 1594 1640 1635 Perseum

127 1673 129 1675 ·
161 1665 303 1711 gente
339 1660 599 1711 Assyrium
641 1659 801 1697 fuisse
838 1664 878 1696 et
911 1658 1109 1697 Graecum
1154 1659 1303 1697 factum
1346 1673 1452 1708 esse,
1494 1659 1642 1697 Acrisii

161 1737 254 1761 vero
284 1737 396 1772 avos,
433 1723 543 1761 nullo
577 1722 882 1761 necessitudinis
910 1722 1070 1761 vinculo
1099 1737 1189 1761 cum
1218 1722 1365 1761 Perseo
1394 1723 1640 1772 coniunctos,

162 1786 384 1838 Aegyptios
401 1801 501 1835 esse,
516 1786 668 1828 τούτους
684 1786 725 1824 δέ
741 1785 845 1832 εἶναι,
865 1784 1216 1837 κατάπερἽΞλληνες
1231 1786 1392 1835 λέγουσι,
1410 1785 1640 1835 Αἰγυπτίους.

159 1848 385 1901 Scriptores
414 1849 660 1901 genealogici
690 1863 713 1887 a
740 1849 903 1901 vulgata
931 1847 1177 1893 Graecorum
1207 1848 1340 1887 fabula
1368 1848 1641 1899 discrepantes

158 1913 199 1951 id
227 1914 436 1952 finxerant.

266 2013 329 2052 IV
351 2015 399 2051 77
435 2012 568 2063 λόγον
599 2013 685 2050 ὑπὸ
716 2012 1101 2063 Πελοποννησίων
1131 2011 1403 2063 λεγόμενον,
1434 2011 1639 2050 Anachar-

157 2077 230 2116 sim
261 2091 309 2115 ex
339 2075 510 2115 Graecia
538 2076 589 2114 ad
618 2074 788 2128 Scythas
817 2089 1018 2114 reversum
1046 2075 1216 2125 dixisse,
1248 2075 1454 2114 omnium
1484 2073 1638 2113 Grae-

156 2155 320 2179 corum
356 2139 786 2178 Lacedaemonios
829 2140 955 2178 solos
997 2138 1270 2190 prudenter
1310 2138 1445 2189 loqui
1480 2152 1636 2189 posse.

261 2241 306 2280 II
336 2242 387 2280 42
432 2241 510 2279 ὅσοι
538 2240 622 2282 Διὸς
650 2239 838 2293 Θηβαιέος
873 2239 1039 2291 ἱδρύαται
1076 2239 1149 2291 ἱρὸν
1184 2239 1208 2289 ἢ
1236 2241 1350 2290 νομοῦ
1377 2241 1441 2277 τοῦ
1469 2237 1635 2291 Θηβαίου

153 2305 233 2350 εἰσί,
263 2304 361 2342 οὗτοι
389 2305 520 2344 πάντες
550 2303 632 2340 ὀΐων
662 2302 887 2354 ἀπεχόμενοι
917 2302 1022 2352 αἶγας
1050 2302 1194 2340 θύουσι.
1251 2302 1447 2354 Θηβαῖοι
1480 2301 1545 2351 μέν
1574 2315 1635 2337 νυν

151 2369 225 2407 καὶ
268 2368 366 2407 ὅσοι
406 2366 465 2406 διὰ
506 2366 659 2408 τούτους
705 2365 788 2404 ὀΐων
824 2365 1094 2418 ἀπέχονται,
1138 2364 1197 2403 διὰ
1230 2365 1318 2403 τάδε
1355 2363 1546 2415 λέγουσι
1574 2364 1633 2402 τὸν

150 2431 260 2481 νόμον
289 2431 395 2469 τόνδε
428 2443 491 2482 σφι
519 2430 681 2479 τεθῆναι.

257 2530 301 2569 II
329 2530 381 2568 46
424 2531 483 2569 τὸν
515 2528 646 2568 Πᾶνα
678 2530 749 2567 τῶν
788 2528 884 2567 ὀκτὼ
917 2529 1014 2567 θεῶν
1045 2527 1307 2579 λογίζονται
1336 2526 1425 2565 εἶναι
1453 2527 1488 2564 οἱ
1518 2525 1633 2565 Μεν-

149 2596 317 2645 δήσιοι,
360 2596 444 2636 τοὺς
488 2596 529 2632 δὲ
574 2595 670 2632 ὀκτὼ
714 2594 822 2635 θεοὺς
857 2593 1057 2644 προτέρους
1092 2596 1164 2631 τῶν
1199 2594 1372 2630 δυώδεκα
1408 2592 1507 2630 θεῶν
1542 2604 1633 2643 φασι
