1844 2898
778 77 1018 124 -9-

272 191 478 245 Lydorum
513 207 575 232 res
610 192 659 232 ab
692 192 976 244 antiquissimis
1008 191 1251 243 temporibus
1279 205 1404 242 usque
1433 190 1483 230 ad
1512 191 1631 229 Arta-

165 255 296 294 xerxis
324 254 468 295 Persae
497 270 674 308 regnum·
691 254 839 306 (Strab.
870 256 891 295 I
919 257 990 307 49)
1017 255 1247 294 Xanthus
1277 254 1415 307 Lydus
1444 258 1631 305 quattuor

165 319 275 359 libris
304 320 515 371 explicavit
542 321 619 371 (M.
649 321 669 358 1
695 322 743 359 36
760 321 835 371 sq).

275 395 447 448 Περσικά,
475 398 500 436 i.
522 412 554 437 e.
585 398 852 450 Assyriorum,
880 398 1104 446 Medorum,
1135 397 1344 435 Persarum
1373 410 1434 434 res
1462 402 1501 434 et
1528 395 1631 433 bella

165 459 377 499 Persarum
393 459 584 500 Charon
604 462 644 512 (Ι
664 462 735 511 32)
754 467 793 499 et
811 461 1109 500 Hellanicus
1129 461 1449 511 conscripserunt
1467 460 1534 507 (61
1553 459 1628 508 sq).

155 523 344 575 -Thucyd.
375 524 395 562 I
425 526 474 562 97
516 526 558 562 οἱ
598 526 678 576 πρὸ
722 526 833 575 ἐμοῦ
877 525 1073 566 ἅπαντες
1107 525 1129 574 ἢ
1165 525 1208 562 τὰ
1244 525 1311 575 πρὸ
1348 525 1417 560 τῶν
1456 521 1629 572 Μηδικῶν

166 582 365 637 Ἑλληνικὰ
393 588 685 629 ξυνετίθεσαν
715 588 737 638 ἢ
768 588 876 626 αὐτὰ
905 588 954 626 τὰ
985 587 1175 639 Μηδικά.

275 665 337 704 De
367 666 489 704 Darei
519 680 640 718 regno
670 667 946 717 Dionysius
976 667 1205 704 Milesius
1235 666 1318 704 eius
1347 665 1522 715 aequalis
1552 665 1631 702 sin-

166 729 356 780 gulariter
391 729 566 780 quinque
601 730 789 768 librorum
824 745 923 782 opus
958 729 1134 769 condidit
1169 728 1339 779 (Sunt),
1376 729 1417 766 τὰ
1451 728 1543 766 κατὰ
1572 728 1629 765 τὸν

157 792 165 806 ‘
179 790 407 842 Ηρακλείδην
427 793 485 830 τὸν
507 791 714 831 Μυλασέων
737 794 901 845 βασιλέα,
922 808 1039 843 quem
1061 792 1289 830 Herodotus
1308 797 1441 829 narrat
1461 791 1517 839 (V
1540 792 1631 838 121>

165 853 287 891 Darei
335 854 549 892 exercitum
602 855 650 893 ud
701 856 1005 894 internecionem
1054 855 1263 902 delevisse,
1313 853 1490 904 Scylax
1541 853 1631 890 Ca-

165 915 480 968 ryandensis,
518 918 693 968 aequalis
729 923 767 957 et
802 918 1004 970 popularis
1040 918 1143 966 cius,
1180 916 1335 968 scripsit
1373 914 1502 966 (Suid.
1535 931 1564 954 s.
1594 931 1629 953 v.

166 979 317 1028 Σκυλ.);
354 979 402 1018 de
438 981 701 1019 Themistocle
739 978 1094 1020 Stesimbrotus
1132 981 1348 1019 Thasius
1378 980 1453 1026 (M.
1475 980 1518 1017 II
1547 980 1629 1027 52).

272 1056 404 1096 Etiam
448 1057 580 1109 plures
623 1058 813 1098 eiusmodi
859 1059 978 1098 libros
1020 1064 1104 1098 tum
1148 1058 1315 1109 scriptos
1358 1072 1442 1096 esse
1486 1071 1630 1107 eosque

164 1135 295 1159 rerum
336 1126 536 1172 gestarum
580 1122 703 1160 multo
745 1122 965 1161 uberiorem
1001 1122 1206 1161 historiam
1248 1136 1366 1171 quam
1404 1120 1631 1159 Herodotus

166 1184 427 1233 continuisse,
457 1184 547 1223 inde
577 1192 758 1236 apparet.
794 1185 899 1236 quod
929 1185 1053 1236 apud
1083 1186 1377 1235 scriptores,
1408 1184 1491 1234 qui
1521 1192 1631 1234 post

166 1247 470 1285 Herodotum
499 1248 721 1296 fuerunt,
753 1248 1108 1300 Thucydidem.
1140 1249 1416 1295 Platonem,
1439 1248 1631 1285 Aristo·

164 1311 326 1358 telem,
356 1309 665 1360 Strabonem,
696 1312 985 1360 Diodorum,
1006 1312 1343 1359 Plutarchum,
1366 1311 1630 1349 Iustinum-

165 1373 479 1422 Pausaniam,
499 1374 824 1424 Athenaeum,
845 1375 972 1426 apud
992 1375 1306 1422 scholiastas,
1338 1375 1382 1412 in
1402 1373 1631 1425 fragmentis

165 1436 354 1487 Ephori
389 1442 507 1487 atque
545 1436 740 1476 Nicolai
770 1438 1066 1477 Damasceni
1105 1438 1160 1476 de
1191 1437 1486 1477 Graecorum
1524 1436 1633 1474 bar-

164 1500 486 1549 barorumque
526 1500 669 1539 rebus
698 1516 852 1551 usque
882 1502 938 1540 ad
967 1501 1206 1539 Herodoti
1236 1508 1444 1539 aetatem
1473 1499 1630 1550 gestis

164 1577 260 1601 non
297 1563 449 1601 solum
485 1563 640 1601 multa
668 1564 947 1603 invenimus
976 1571 1192 1613 narrata,
1230 1579 1349 1614 quae
1379 1562 1504 1614 apud
1535 1562 1631 1600 He-

163 1624 385 1663 rodotum
415 1626 607 1663 omnino
637 1641 729 1664 non
750 1627 996 1678 leguntur,
1026 1628 1109 1666 sed
1130 1628 1272 1665 etiam
1294 1626 1480 1674 eadem,
1511 1640 1630 1676 quae

164 1688 248 1726 ille
278 1688 442 1737 habet,
473 1689 626 1727 multo
656 1690 855 1729 uberius
884 1691 1098 1742 prodita;
1130 1705 1218 1729 nam
1248 1691 1342 1728 talia
1370 1704 1417 1728 ex
1446 1689 1630 1740 operibus

162 1757 253 1790 ante
274 1752 521 1791 Herodotum
554 1753 787 1804 conscriptis
816 1754 1031 1793 derivanda
1059 1770 1144 1793 esse
1174 1755 1423 1792 manifestum
1454 1760 1524 1792 est.
1569 1752 1629 1791 Cf.

163 1815 283 1854 Dion.
305 1815 396 1854 Hal.
420 1815 499 1854 iud.
521 1816 557 1854 d.
580 1816 705 1855 Thuc.
736 1832 773 1868 p.
797 1819 886 1856 817.
908 1818 956 1856 R.
995 1820 1137 1869 ἀρχαῖοι
1168 1819 1232 1868 μὲν
1262 1817 1321 1854 οὖν
1353 1821 1631 1867 συγγραφεῖς

161 1880 327 1917 πολλοὶ
355 1880 432 1918 καὶ
459 1880 572 1918 κατὰ
601 1881 800 1923 πολλοὺς
828 1880 1000 1923 τόπους
1030 1881 1193 1932 ἐγένοντο
1223 1881 1289 1932 πρὸ
1319 1884 1380 1918 τοῦ
1406 1880 1630 1930 Πελοποννη-

163 1945 289 1979 σιακοῦ
317 1943 494 1993 πολέμου,
526 1944 562 1981 ἐν
592 1945 644 1985 οἷς
674 1945 766 1982 ἐστιν
799 1944 984 1993 Εὐγέων
1015 1960 1053 1983 τε
1084 1946 1102 1982 ὁ
1132 1945 1267 1994 Σάμιος
1296 1945 1357 1981 καὶ
1385 1944 1582 1994 Δηΐοχος
1612 1945 1631 1980 ὁ

163 2003 419 2056 Προικυνήσιος
455 2007 515 2043 καὶ
552 2005 765 2057 Εὔδημος
802 2008 820 2045 ὁ
861 2008 993 2059 ΙΙάριος
1027 2009 1087 2046 καὶ
1115 2008 1355 2058 Δημοκλῆς
1395 2008 1413 2044 ὃ
1445 2006 1632 2056 Πυγελεὺς

160 2069 220 2106 καὶ
241 2067 490 2111 ἱΕκαταῖος
519 2070 538 2107 ὁ
560 2069 737 2121 Μιλήσιος
767 2072 826 2109 ὅτε
854 2071 1012 2122 Ἀργεῖος
1037 2071 1339 2112 Ἀκουσίλαος
1359 2072 1419 2109 καὶ
1441 2072 1458 2108 ὃ
1480 2072 1630 2121 Λαμψα-

160 2133 269 2183 κηνὸς
311 2131 469 2184 Χάρων
511 2134 572 2171 καὶ
620 2135 638 2171 ὁ
678 2133 930 2186 Χαλκηδόνιος
970 2134 1365 2186 Ἀμελησαγόρας.
1437 2135 1545 2185 ὀλίγῳ
1590 2135 1630 2171 δὲ

160 2196 397 2248 πρεσβύτεροι
434 2200 502 2234 τῶν
535 2196 882 2248 Πελοποννησιακῶν
919 2200 979 2236 καὶ
1015 2198 1123 2249 μέχρι
1151 2202 1214 2247 τῆς
1243 2199 1472 2236 Θουκυδίδου
1500 2211 1630 2247 παρεκ-

161 2259 337 2300 τείναντες
366 2259 766 2308 ἢλικίας(Ελλάνικό
783 2275 800 2301 ς
828 2275 867 2297 τε
897 2262 915 2297 ὁ
938 2260 1094 2312 Λέσβιος
1121 2262 1182 2298 καὶ
1201 2263 1443 2311 Δαμάστης
1465 2262 1483 2298 ὁ
1504 2261 1631 2309 Σιγεὺς

159 2322 219 2360 καὶ
249 2321 517 2373 Ξενομήδης
546 2324 565 2360 ὁ
595 2322 684 2365 Χῖος
711 2325 772 2362 καὶ
802 2323 978 2365 Ξάνθος
1007 2325 1026 2361 ὁ
1050 2325 1167 2365 Λυδὸς
1195 2325 1270 2362 καὶ
1300 2323 1432 2361 ἄλλοι
1462 2326 1629 2375 συχνοὶ.

160 2384 310 2423 Herod.
332 2386 393 2423 IV
417 2387 465 2424 36
497 2386 616 2436 γελέω
647 2387 759 2437 ὁρέων
789 2391 855 2437 γῆς
873 2387 1066 2438 περιόδους
1085 2390 1289 2440 γράψαντας
1315 2388 1510 2427 πολλοὺς
1532 2388 1629 2437 ἢδη.

158 2446 245 2488 Nos
273 2448 373 2488 duos
403 2449 599 2500 novimus,
630 2449 972 2490 Anaximandrum
1000 2456 1040 2490 et
1068 2450 1324 2490 Hecataeum.

266 2531 408 2583 Neque
452 2533 582 2572 minus
626 2547 726 2583 quae
764 2533 812 2573 de
849 2534 963 2572 terris
1002 2535 1174 2573 externis
1209 2534 1492 2586 gentibusque,
1532 2547 1631 2583 quas

159 2595 245 2647 ipse
283 2610 364 2635 non
399 2596 512 2646 visit,
548 2601 602 2635 et*
621 2597 807 2649 pleraque
837 2597 996 2649 quidem
1026 2598 1231 2637 occasione
1260 2597 1351 2636 data
1381 2597 1546 2649 profert,
1583 2597 1630 2635 de
