1844 2898
740 75 1006 147 ,ὥς

246 210 292 250 II
316 212 362 251 15
389 212 430 250 τὸ
458 212 590 258 Δέλτα,
620 215 675 254 ὣς
702 213 824 252 αὐτοὶ
851 213 1031 263 λέγουσι
1059 212 1306 262 Αἰγύπτιοι,
1334 212 1411 251 ἔστι
1430 213 1606 263 κατάρρυ-

139 274 205 314 τόν
228 289 269 314 τι
284 275 349 321 καὶ
370 276 505 314 νεωστὶ
531 275 780 328 ἀναπεφηνός,
808 276 860 316 cf.
878 276 923 315 Π
943 277 996 316 10
1024 276 1160 327 ταύτης
1186 279 1251 327 τῆς
1277 277 1405 327 χώρης
1433 276 1457 325 ἡ
1475 274 1607 325 πολλὴ,

139 340 331 390 κατάπερ
363 338 403 376 οἱ
437 338 552 390 ἱρέες
581 337 656 377 ἕλε
637 353 753 389 ε-γον,
797 338 927 378 ἐδόκεε
967 340 1030 378 καὶ
1066 338 1167 391 αὐτῷ
1201 353 1261 390 μοι
1294 338 1386 377 εἶναι
1421 337 1609 388 ἐπίκτητος

141 400 376 453 mmmm.

247 489 380 535 11128
409 489 641 539 Αἰγύπτιοι
670 490 849 540 λέγουσι
877 491 987 533 σέλας
1015 492 1074 534 ἐπὶ
1100 492 1164 541 τὴν
1196 492 1280 543 βοῦν
1302 491 1343 529 ἐκ
1370 493 1433 534 τοῦ
1458 489 1607 541 οὐρανοῦ

140 553 338 606 κατίσχειν,
366 552 431 591 καί
456 567 512 604 μιν
543 553 584 592 ἐκ
614 552 736 592 τούτου
764 553 891 593 τίκτειν
920 555 980 593 τὸν
997 552 1114 594 Ἀπιν.

248 642 294 682 II
310 642 385 681 156
414 645 520 694 νῆσος
538 644 561 692 ἡ
581 642 728 694 Χέμμις
744 644 944 695 καλεομένη
967 672 976 682 .
997 672 1007 682 .
1028 672 1038 682 .
1063 672 1073 682 .
1094 644 1270 694 λέγεται
1295 645 1336 684 δὲ
1358 644 1416 682 ὑπ’
1439 643 1608 693 Αἰγυπ-

142 708 243 746 τίων
277 705 368 744 εἷναι
404 706 543 756 πλωτή.
573 735 708 745 .....
742 706 886 758 τέθηπα
924 707 1063 745 ἀκούων
1108 708 1141 746 εἰ
1178 710 1281 758 νῆσος
1323 706 1495 758 ἀληθέως
1534 707 1609 745 ἐστὶ

143 770 282 820 πλωτή.
329 767 433 818 λόγον
463 769 504 807 δὲ
534 768 639 807 τόνδε
669 769 894 819 ἐπιλέγοντες
920 771 958 807 οἱ
987 770 1221 820 Αἰγύπτιοί
1245 783 1350 822 φασι
1378 769 1468 808 εἶναι
1497 769 1608 820 αὐτήν

140 833 285 884 πλωτήν
307 860 442 871 .....

248 912 358 950 H43
393 915 443 953 ὡς
476 914 518 950 δὲ
553 912 671 957 αὐτοὶ
704 913 898 962 λέγουσι,
939 912 1025 951 ἔτεσί
1060 914 1134 950 ἐστι
1167 914 1419 964 ἑπτακισχίλια
1439 942 1608 950 ......

144 975 262 1014 ἐπείτε
292 975 333 1014 ἐκ
360 977 431 1013 τῶν
460 975 555 1014 ὀκτὼ
584 976 680 1014 θεῶν
708 976 739 1014 οἱ
767 977 939 1014 δυώδεκα
967 976 1041 1014 θεοὶ
1069 976 1235 1026 ἐγένοντο.

256 1066 328 1103 145
358 1064 516 1115 Διονύσῳ
544 1065 814 1116 πεντακισχίλια
841 1066 902 1103 καὶ
927 1066 1037 1116 μόρια
1061 1066 1253 1115 λογίζονται
1274 1065 1363 1103 εἶναι
1394 1066 1432 1106 ἐς
1449 1064 1608 1115 Ἀμασιν

144 1127 298 1181 βασιλέα
338 1129 400 1168 καὶ
440 1131 552 1168 ταῦτα
585 1129 815 1180 Αἰγύπτιοι
848 1129 1030 1182 ἀτρεκέως
1068 1130 1173 1182 φασὶ
1207 1129 1437 1179 ἐπίστασθαι,
1480 1129 1539 1168 ἀεί
1570 1144 1609 1168 τε

143 1191 365 1241 λογιζόμενοι
392 1193 454 1229 καὶ
482 1193 539 1230 ἀεὶ
567 1193 855 1244 ἀπογραφόμενοι
882 1194 926 1230 τὰ
955 1192 1051 1231 ἔτεα.

250 1270 677 1323 Π123ἀρχηγετεὺειν
706 1274 776 1310 τῶν
811 1273 910 1311 κάτω
941 1270 1179 1322 Αἰγύπτιοι
1214 1271 1323 1322 λέγο
1335 1287 1354 1313 υ
1367 1284 1408 1316 σι
1434 1271 1610 1324 Δήμητρα

142 1332 204 1378 καὶ
227 1333 415 1377 Διόνυσον.

250 1416 359 1457 Π47
390 1417 480 1457 διότι
508 1419 550 1457 δὲ
579 1418 661 1461 τοὺς
689 1417 729 1460 ὔς
756 1418 793 1457 ἐν
824 1418 889 1469 μὲν
917 1422 999 1469 τῇσι
1026 1416 1159 1469 ἄλλῃσι
1185 1418 1309 1470 ὁρτῇσι
1327 1418 1610 1469 ἀπεστυγήκασι,

145 1482 182 1520 ἐν
211 1482 253 1520 δὲ
283 1481 397 1532 ταύτῃ
427 1482 578 1530 θύουσι,
613 1481 707 1520 ἔστι
742 1483 807 1533 μὲν
842 1482 977 1532 λόγος
1004 1482 1224 1533 περὶ-αὐτοῦ
1259 1482 1317 1520 ὑπ’
1352 1482 1610 1532 Αἰγυπτίων

143 1544 414 1596 λεγόμενος,
450 1546 532 1597 ἐμοὶ
566 1545 686 1597 μέντοι
723 1545 949 1597 ἐπισταμένῳ
983 1545 1050 1584 οὐκ
1084 1544 1370 1597 εὐπρεπέστερός
1403 1545 1478 1584 ἐστι
1507 1545 1610 1596 λέγε-

146 1609 243 1647 σθαι.
300 1608 445 1647 similia
473 1622 507 1648 ο.
535 1611 600 1658 48,
630 1611 694 1658 65,
724 1610 760 1648 3.

251 1714 329 1752 His
367 1714 465 1753 locis
507 1715 782 1764 consideratis,
824 1729 916 1754 nam
958 1715 1098 1753 ceteris
1141 1715 1335 1753 eiusmodi
1377 1715 1474 1753 loeis
1516 1729 1610 1753 suae

143 1776 379 1816 narrationis
405 1777 554 1816 fontem
574 1777 824 1817 Herodotum
853 1792 932 1817 non
951 1777 1174 1830 significare
1203 1778 1298 1816 satis
1317 1777 1470 1817 idoneis
1493 1792 1611 1830 argu-

143 1840 287 1879 mentis
315 1840 502 1892 probasse
530 1842 627 1880 mihi
655 1842 810 1891 videor,
845 1842 918 1880 hos
947 1841 1069 1894 igitur
1095 1842 1203 1880 locos
1231 1841 1265 1880 si
1299 1841 1609 1881 consideraveri-

145 1917 244 1953 mus,
272 1902 453 1943 videmus
481 1919 528 1943 ea
555 1919 604 1943 ex
631 1905 835 1943 hominum
869 1919 935 1942 ore
964 1904 1215 1943 Herodotum
1248 1905 1467 1955 accepisse,
1511 1918 1612 1954 quae

143 1980 265 2018 supra
297 1972 606 2007 consentaneum
640 1982 725 2007 esse
759 1967 951 2007 diximus:
993 1981 1085 2006 eum
1126 1972 1320 2006 terrarum
1362 1972 1612 2006 externarum

143 2028 474 2080 explorandum
502 2043 621 2071 causa
648 2030 855 2071 itineribus
883 2030 997 2070 factis
1021 2029 1211 2079 Graecos,
1239 2030 1310 2081 qui
1335 2030 1392 2072 ihi
1421 2036 1545 2079 erant,
1574 2035 1614 2068 et

143 2091 353 2145 indigenas
372 2091 525 2133 Graece
553 2094 760 2146 loquentes
786 2094 851 2145 (ΙΙ
869 2094 957 2142 125,
978 2094 1029 2134 28
1048 2093 1112 2132 IV
1130 2094 1202 2143 76)
1231 2099 1300 2136 aut
1327 2093 1611 2145 interptetibus

144 2155 331 2197 adhibitis
359 2157 407 2196 de
436 2172 570 2197 earum
598 2164 751 2207 natura,
779 2158 1064 2207 monumentis,
1101 2171 1202 2209 quae
1238 2157 1293 2196 ibi
1327 2163 1455 2206 erant,
1487 2157 1613 2196 admi-

144 2223 296 2262 ratione
326 2221 472 2275 dignis,
501 2221 636 2271 sacris,
664 2221 871 2270 institutis,
899 2220 1017 2260 rebus
1036 2212 1230 2259 similibus
1250 2219 1461 2272 diligenter
1479 2220 1613 2259 scisci-

143 2292 270 2326 tatum
297 2299 402 2333 esse3
439 2299 488 2323 ex
521 2285 640 2324 rebus
668 2284 792 2337 gestis
818 2298 912 2323 vero
940 2289 1097 2323 tantum
1125 2283 1338 2323 novissime
1367 2283 1613 2334 praeteritas,

144 2349 340 2400 quasqui
367 2348 549 2387 viderant
575 2348 638 2386 vel
666 2353 872 2399 gesserant
899 2347 1103 2386 etiamtum
1122 2347 1321 2395 viverent,
1342 2360 1390 2385 ex
1409 2346 1612 2384 hominum

142 2427 211 2452 ore
239 2411 453 2459 audivisse;
482 2416 522 2450 et
549 2411 661 2454 locus
688 2410 767 2461 ille,
795 2410 864 2451 ubi
892 2409 944 2449 ad
971 2409 1268 2451 Thersandrum
1296 2413 1499 2461 provocat,
1528 2408 1613 2460 ipse

144 2475 336 2515 luculenti
362 2475 588 2514 testimonio
616 2479 693 2524 est,
729 2475 856 2525 ipsam
884 2473 1034 2513 Xerxis
1062 2474 1157 2513 belli
1184 2473 1388 2513 historiam
1415 2472 1614 2523 composi-

142 2545 224 2579 tam
253 2553 333 2580 non
361 2553 447 2579 esse
480 2552 528 2577 ex
562 2537 874 2588 narrationibus,
910 2552 1009 2589 quas
1043 2538 1139 2578 alias
1171 2537 1223 2578 ab
1254 2536 1343 2578 aliis
1379 2535 1617 2587 compererit

144 2609 184 2642 et
210 2603 313 2643 inter
340 2617 382 2642 se
400 2602 660 2651 coniunxerit,
689 2601 757 2641 sed
778 2615 880 2651 eum,
910 2615 1001 2640 oum
1021 2615 1134 2641 stiam
1153 2615 1284 2641 rerum
1304 2600 1459 2640 illatum
1479 2613 1615 2642 niwra-

1413 2676 1432 2708 5
