<?xml version="1.0" encoding="UTF-8"?>
<!DOCTYPE html PUBLIC "-//W3C//DTD XHTML 1.0 Transitional//EN"
    "http://www.w3.org/TR/xhtml1/DTD/xhtml1-transitional.dtd">
<html xmlns="http://www.w3.org/1999/xhtml" xml:lang="en" lang="en">
 <head>
  <title>
</title>
<meta http-equiv="Content-Type" content="text/html;charset=utf-8" />
  <meta name='ocr-system' content='tesseract 3.04.00' />
  <meta name='ocr-capabilities' content='ocr_page ocr_carea ocr_par ocr_line ocrx_word'/>
</head>
<body>
  <div class='ocr_page' id='page_1' title='image "4738084_0049.png"; bbox 0 0 1844 2898; ppageno 0'>
   <div class='ocr_carea' id='block_1_1' title="bbox 795 79 1063 119">
    <p class='ocr_par' dir='ltr' id='par_1_1' title="bbox 795 79 1063 119">
     <span class='ocr_line' id='line_1_1' title="bbox 795 79 1063 119; baseline 0 -10"><span class='ocrx_word' id='word_1_1' title='bbox 795 79 1063 119; x_wconf 77' lang='grc'><strong>-36-</strong></span> 
     </span>
    </p>
   </div>
   <div class='ocr_carea' id='block_1_2' title="bbox 183 184 1663 685">
    <p class='ocr_par' dir='ltr' id='par_1_2' title="bbox 183 184 1663 685">
     <span class='ocr_line' id='line_1_2' title="bbox 293 184 1663 237; baseline 0.001 -11"><span class='ocrx_word' id='word_1_2' title='bbox 293 187 348 226; x_wconf 77' lang='lat' dir='ltr'>Et</span> <span class='ocrx_word' id='word_1_3' title='bbox 374 184 423 224; x_wconf 86' lang='lat' dir='ltr'>de</span> <span class='ocrx_word' id='word_1_4' title='bbox 443 185 594 225; x_wconf 85' lang='lat' dir='ltr'>Arione</span> <span class='ocrx_word' id='word_1_5' title='bbox 623 184 731 237; x_wconf 88' lang='lat' dir='ltr'>quod</span> <span class='ocrx_word' id='word_1_6' title='bbox 759 190 893 224; x_wconf 86' lang='lat' dir='ltr'>narrat</span> <span class='ocrx_word' id='word_1_7' title='bbox 920 190 959 224; x_wconf 88' lang='lat' dir='ltr'>et</span> <span class='ocrx_word' id='word_1_8' title='bbox 985 185 1035 224; x_wconf 91' lang='lat' dir='ltr'>de</span> <span class='ocrx_word' id='word_1_9' title='bbox 1055 184 1227 235; x_wconf 85' lang='lat' dir='ltr'>Aristea,</span> <span class='ocrx_word' id='word_1_10' title='bbox 1255 185 1350 226; x_wconf 88' lang='lat' dir='ltr'>item</span> <span class='ocrx_word' id='word_1_11' title='bbox 1370 185 1420 227; x_wconf 88' lang='lat' dir='ltr'>de</span> <span class='ocrx_word' id='word_1_12' title='bbox 1441 186 1663 228; x_wconf 85' lang='lat' dir='ltr'>Anacharsi</span> 
     </span>
     <span class='ocr_line' id='line_1_3' title="bbox 184 248 1662 304; baseline 0.002 -16"><span class='ocrx_word' id='word_1_13' title='bbox 184 252 239 300; x_wconf 87' lang='lat' dir='ltr'>(v.</span> <span class='ocrx_word' id='word_1_14' title='bbox 262 265 301 301; x_wconf 88' lang='lat' dir='ltr'>p.</span> <span class='ocrx_word' id='word_1_15' title='bbox 325 251 394 299; x_wconf 88' lang='lat'>34)</span> <span class='ocrx_word' id='word_1_16' title='bbox 424 263 473 288; x_wconf 83' lang='lat' dir='ltr'>ex</span> <span class='ocrx_word' id='word_1_17' title='bbox 501 249 641 289; x_wconf 88' lang='lat' dir='ltr'>eodem</span> <span class='ocrx_word' id='word_1_18' title='bbox 669 250 779 287; x_wconf 89' lang='lat' dir='ltr'>fonte</span> <span class='ocrx_word' id='word_1_19' title='bbox 808 248 1039 288; x_wconf 86' lang='lat' dir='ltr'>Herodotus</span> <span class='ocrx_word' id='word_1_20' title='bbox 1067 249 1211 298; x_wconf 85' lang='lat' dir='ltr'>hausit,</span> <span class='ocrx_word' id='word_1_21' title='bbox 1240 264 1287 288; x_wconf 84' lang='lat' dir='ltr'>ex</span> <span class='ocrx_word' id='word_1_22' title='bbox 1316 264 1396 301; x_wconf 89' lang='lat' dir='ltr'>quo</span> <span class='ocrx_word' id='word_1_23' title='bbox 1425 251 1475 304; x_wconf 77' lang='lat' dir='ltr'>de</span> <span class='ocrx_word' id='word_1_24' title='bbox 1494 252 1662 291; x_wconf 81' lang='lat' dir='ltr'>Melam-</span> 
     </span>
     <span class='ocr_line' id='line_1_4' title="bbox 184 312 1662 366; baseline 0.001 -13"><span class='ocrx_word' id='word_1_25' title='bbox 184 312 288 366; x_wconf 91' lang='lat' dir='ltr'>pode</span> <span class='ocrx_word' id='word_1_26' title='bbox 315 312 379 364; x_wconf 87' lang='lat' dir='ltr'>(II</span> <span class='ocrx_word' id='word_1_27' title='bbox 407 312 492 364; x_wconf 87' lang='lat'>49),</span> <span class='ocrx_word' id='word_1_28' title='bbox 522 312 684 365; x_wconf 84' lang='lat' dir='ltr'>Aesopo</span> <span class='ocrx_word' id='word_1_29' title='bbox 713 312 775 362; x_wconf 92' lang='lat' dir='ltr'>(II</span> <span class='ocrx_word' id='word_1_30' title='bbox 807 312 914 363; x_wconf 84' lang='lat'>134),</span> <span class='ocrx_word' id='word_1_31' title='bbox 944 312 1109 351; x_wconf 82' lang='lat' dir='ltr'>Thalete</span> <span class='ocrx_word' id='word_1_32' title='bbox 1137 312 1177 364; x_wconf 94' lang='lat' dir='ltr'>(I</span> <span class='ocrx_word' id='word_1_33' title='bbox 1206 314 1259 352; x_wconf 85' lang='lat'>74</span> <span class='ocrx_word' id='word_1_34' title='bbox 1278 327 1338 365; x_wconf 90' lang='lat' dir='ltr'>sq,</span> <span class='ocrx_word' id='word_1_35' title='bbox 1372 314 1477 366; x_wconf 87' lang='lat'>170),</span> <span class='ocrx_word' id='word_1_36' title='bbox 1505 314 1662 355; x_wconf 76' lang='lat' dir='ltr'><strong>Pittaco</strong></span> 
     </span>
     <span class='ocr_line' id='line_1_5' title="bbox 183 374 1661 429; baseline 0.001 -13"><span class='ocrx_word' id='word_1_37' title='bbox 183 377 224 426; x_wconf 89' lang='lat' dir='ltr'>(I</span> <span class='ocrx_word' id='word_1_38' title='bbox 254 378 345 428; x_wconf 90' lang='lat'>27),</span> <span class='ocrx_word' id='word_1_39' title='bbox 374 377 518 416; x_wconf 80' lang='lat' dir='ltr'>Biante</span> <span class='ocrx_word' id='word_1_40' title='bbox 546 377 586 427; x_wconf 88' lang='lat' dir='ltr'>(I</span> <span class='ocrx_word' id='word_1_41' title='bbox 616 378 687 425; x_wconf 85' lang='lat'>27,</span> <span class='ocrx_word' id='word_1_42' title='bbox 720 376 833 426; x_wconf 90' lang='grc'>170),</span> <span class='ocrx_word' id='word_1_43' title='bbox 872 374 1030 415; x_wconf 86' lang='lat' dir='ltr'>Solonis</span> <span class='ocrx_word' id='word_1_44' title='bbox 1058 376 1304 428; x_wconf 87' lang='lat' dir='ltr'>aliorumque</span> <span class='ocrx_word' id='word_1_45' title='bbox 1331 378 1569 429; x_wconf 87' lang='lat' dir='ltr'>sapientium</span> <span class='ocrx_word' id='word_1_46' title='bbox 1597 378 1661 417; x_wconf 91' lang='lat' dir='ltr'>iti-</span> 
     </span>
     <span class='ocr_line' id='line_1_6' title="bbox 184 438 1662 491; baseline 0.001 -12"><span class='ocrx_word' id='word_1_47' title='bbox 184 440 346 479; x_wconf 83' lang='lat' dir='ltr'>neribus</span> <span class='ocrx_word' id='word_1_48' title='bbox 375 440 426 478; x_wconf 88' lang='lat' dir='ltr'>ad</span> <span class='ocrx_word' id='word_1_49' title='bbox 454 439 647 478; x_wconf 86' lang='lat' dir='ltr'>Croesum</span> <span class='ocrx_word' id='word_1_50' title='bbox 675 439 791 477; x_wconf 87' lang='lat' dir='ltr'>factis</span> <span class='ocrx_word' id='word_1_51' title='bbox 819 439 859 489; x_wconf 89' lang='grc' dir='ltr'>(Ι</span> <span class='ocrx_word' id='word_1_52' title='bbox 889 439 940 478; x_wconf 85' lang='grc'>29</span> <span class='ocrx_word' id='word_1_53' title='bbox 970 440 1056 490; x_wconf 90' lang='lat' dir='ltr'>sq),</span> <span class='ocrx_word' id='word_1_54' title='bbox 1085 452 1134 478; x_wconf 91' lang='lat' dir='ltr'>ex</span> <span class='ocrx_word' id='word_1_55' title='bbox 1160 438 1291 489; x_wconf 90' lang='lat' dir='ltr'>libris,</span> <span class='ocrx_word' id='word_1_56' title='bbox 1320 440 1447 491; x_wconf 88' lang='lat' dir='ltr'>qualis</span> <span class='ocrx_word' id='word_1_57' title='bbox 1474 441 1550 480; x_wconf 83' lang='lat' dir='ltr'>fuit</span> <span class='ocrx_word' id='word_1_58' title='bbox 1577 441 1662 481; x_wconf 86' lang='lat' dir='ltr'>Da-</span> 
     </span>
     <span class='ocr_line' id='line_1_7' title="bbox 183 503 1660 555; baseline 0.001 -12"><span class='ocrx_word' id='word_1_59' title='bbox 183 505 322 543; x_wconf 88' lang='lat' dir='ltr'>mastis</span> <span class='ocrx_word' id='word_1_60' title='bbox 355 518 455 555; x_wconf 91' lang='lat' dir='ltr'>opus</span> <span class='ocrx_word' id='word_1_61' title='bbox 496 504 577 554; x_wconf 86' lang='grc' dir='ltr'>περὶ</span> <span class='ocrx_word' id='word_1_62' title='bbox 609 505 766 553; x_wconf 85' lang='grc' dir='ltr'>ποιητῶν</span> <span class='ocrx_word' id='word_1_63' title='bbox 809 503 871 541; x_wconf 83' lang='grc' dir='ltr'>καὶ</span> <span class='ocrx_word' id='word_1_64' title='bbox 905 506 1107 555; x_wconf 85' lang='grc' dir='ltr'>σοφιστῶν;</span> <span class='ocrx_word' id='word_1_65' title='bbox 1151 517 1200 542; x_wconf 83' lang='lat' dir='ltr'>ex</span> <span class='ocrx_word' id='word_1_66' title='bbox 1235 504 1379 555; x_wconf 90' lang='lat' dir='ltr'>quibus</span> <span class='ocrx_word' id='word_1_67' title='bbox 1413 504 1554 544; x_wconf 86' lang='lat' dir='ltr'>iisdem</span> <span class='ocrx_word' id='word_1_68' title='bbox 1586 504 1660 544; x_wconf 90' lang='lat' dir='ltr'>flu-</span> 
     </span>
     <span class='ocr_line' id='line_1_8' title="bbox 183 566 1659 619; baseline 0.001 -14"><span class='ocrx_word' id='word_1_69' title='bbox 183 572 344 616; x_wconf 84' lang='lat' dir='ltr'>xerunt,</span> <span class='ocrx_word' id='word_1_70' title='bbox 391 579 492 617; x_wconf 88' lang='lat' dir='ltr'>quae</span> <span class='ocrx_word' id='word_1_71' title='bbox 529 566 666 605; x_wconf 88' lang='lat' dir='ltr'>similis</span> <span class='ocrx_word' id='word_1_72' title='bbox 701 566 925 617; x_wconf 82' lang='lat' dir='ltr'>argumenti</span> <span class='ocrx_word' id='word_1_73' title='bbox 960 566 1067 618; x_wconf 86' lang='lat' dir='ltr'>apud</span> <span class='ocrx_word' id='word_1_74' title='bbox 1103 566 1397 619; x_wconf 84' lang='lat' dir='ltr'>Thucydidem,</span> <span class='ocrx_word' id='word_1_75' title='bbox 1439 567 1659 618; x_wconf 86' lang='lat' dir='ltr'>Platonem,</span> 
     </span>
     <span class='ocr_line' id='line_1_9' title="bbox 184 623 1660 685; baseline 0.001 -14"><span class='ocrx_word' id='word_1_76' title='bbox 184 623 439 672; x_wconf 80' lang='lat' dir='ltr'>Aristotelem</span> <span class='ocrx_word' id='word_1_77' title='bbox 468 630 615 684; x_wconf 88' lang='lat' dir='ltr'>passim</span> <span class='ocrx_word' id='word_1_78' title='bbox 644 629 849 683; x_wconf 82' lang='lat' dir='ltr'>leguntur:</span> <span class='ocrx_word' id='word_1_79' title='bbox 884 630 1067 684; x_wconf 89' lang='lat' dir='ltr'>Thucyd.</span> <span class='ocrx_word' id='word_1_80' title='bbox 1094 629 1161 671; x_wconf 89' lang='lat' dir='ltr'>HI</span> <span class='ocrx_word' id='word_1_81' title='bbox 1182 633 1232 673; x_wconf 85' lang='lat'>96</span> <span class='ocrx_word' id='word_1_82' title='bbox 1262 631 1503 685; x_wconf 84' lang='grc' dir='ltr'>αὐλισάμενος</span> <span class='ocrx_word' id='word_1_83' title='bbox 1531 632 1568 671; x_wconf 81' lang='grc' dir='ltr'>ἐν</span> <span class='ocrx_word' id='word_1_84' title='bbox 1596 634 1660 673; x_wconf 80' lang='grc' dir='ltr'>τοῦ</span> 
     </span>
    </p>
   </div>
   <div class='ocr_carea' id='block_1_3' title="bbox 183 694 1731 747">
    <p class='ocr_par' dir='ltr' id='par_1_3' title="bbox 183 694 1731 747">
     <span class='ocr_line' id='line_1_10' title="bbox 183 694 1731 747; baseline 0 -14"><span class='ocrx_word' id='word_1_85' title='bbox 183 697 267 737; x_wconf 86' lang='grc' dir='ltr'>Διὸς</span> <span class='ocrx_word' id='word_1_86' title='bbox 301 698 365 733; x_wconf 80' lang='grc' dir='ltr'>τοῦ</span> <span class='ocrx_word' id='word_1_87' title='bbox 395 695 556 746; x_wconf 81' lang='grc' dir='ltr'>Νεμείου</span> <span class='ocrx_word' id='word_1_88' title='bbox 590 700 642 746; x_wconf 79' lang='grc' dir='ltr'>τῷ</span> <span class='ocrx_word' id='word_1_89' title='bbox 679 696 787 746; x_wconf 82' lang='grc' dir='ltr'>ἱερῷ,</span> <span class='ocrx_word' id='word_1_90' title='bbox 826 696 862 732; x_wconf 87' lang='grc' dir='ltr'>ἐν</span> <span class='ocrx_word' id='word_1_91' title='bbox 893 694 924 746; x_wconf 85' lang='grc' dir='ltr'>ᾧ</span> <span class='ocrx_word' id='word_1_92' title='bbox 950 694 1125 737; x_wconf 52' lang='grc' dir='ltr'>(Ησίοδος</span> <span class='ocrx_word' id='word_1_93' title='bbox 1154 697 1173 733; x_wconf 85' lang='grc' dir='ltr'>ὁ</span> <span class='ocrx_word' id='word_1_94' title='bbox 1200 697 1354 747; x_wconf 84' lang='grc' dir='ltr'>ποιητὴς</span> <span class='ocrx_word' id='word_1_95' title='bbox 1381 696 1562 746; x_wconf 83' lang='grc' dir='ltr'>λέγεται</span> <span class='ocrx_word' id='word_1_96' title='bbox 1591 696 1659 734; x_wconf 82' lang='grc' dir='ltr'>ὑπὸ</span> <span class='ocrx_word' id='word_1_97' title='bbox 1728 738 1731 743; x_wconf 35' lang='lat'><strong>⁴</strong></span> 
     </span>
    </p>
   </div>
   <div class='ocr_carea' id='block_1_4' title="bbox 171 757 1659 2080">
    <p class='ocr_par' dir='ltr' id='par_1_4' title="bbox 171 757 1659 2080">
     <span class='ocr_line' id='line_1_11' title="bbox 181 757 1657 811; baseline 0.001 -15"><span class='ocrx_word' id='word_1_98' title='bbox 181 760 252 796; x_wconf 81' lang='grc' dir='ltr'>τῶν</span> <span class='ocrx_word' id='word_1_99' title='bbox 282 758 397 809; x_wconf 80' lang='grc' dir='ltr'>ταύτῃ</span> <span class='ocrx_word' id='word_1_100' title='bbox 427 758 642 804; x_wconf 78' lang='grc' dir='ltr'>ἀποθανεῖν,</span> <span class='ocrx_word' id='word_1_101' title='bbox 676 758 841 810; x_wconf 80' lang='grc' dir='ltr'>χρησθὲν</span> <span class='ocrx_word' id='word_1_102' title='bbox 871 757 973 811; x_wconf 69' lang='grc' dir='ltr'>αὐτῷ</span> <span class='ocrx_word' id='word_1_103' title='bbox 1001 758 1038 797; x_wconf 85' lang='grc' dir='ltr'>ἐν</span> <span class='ocrx_word' id='word_1_104' title='bbox 1070 757 1199 811; x_wconf 74' lang='grc' dir='ltr'>Νεμέα</span> <span class='ocrx_word' id='word_1_105' title='bbox 1226 761 1329 798; x_wconf 83' lang='grc' dir='ltr'>τοῦτο</span> <span class='ocrx_word' id='word_1_106' title='bbox 1358 759 1499 798; x_wconf 77' lang='grc' dir='ltr'>παθεῖν.</span> <span class='ocrx_word' id='word_1_107' title='bbox 1555 758 1657 798; x_wconf 85' lang='lat' dir='ltr'>Plat.</span> 
     </span>
     <span class='ocr_line' id='line_1_12' title="bbox 182 820 1659 873; baseline 0.002 -14"><span class='ocrx_word' id='word_1_108' title='bbox 182 822 268 860; x_wconf 90' lang='lat' dir='ltr'>Pol.</span> <span class='ocrx_word' id='word_1_109' title='bbox 294 821 339 859; x_wconf 93' lang='lat' dir='ltr'>X</span> <span class='ocrx_word' id='word_1_110' title='bbox 365 823 403 870; x_wconf 90' lang='lat'>3,</span> <span class='ocrx_word' id='word_1_111' title='bbox 425 822 503 860; x_wconf 89' lang='lat'>600</span> <span class='ocrx_word' id='word_1_112' title='bbox 538 822 597 859; x_wconf 84' lang='grc' dir='ltr'>οἷα</span> <span class='ocrx_word' id='word_1_113' title='bbox 626 822 671 870; x_wconf 90' lang='grc' dir='ltr'>δὴ</span> <span class='ocrx_word' id='word_1_114' title='bbox 704 822 742 863; x_wconf 86' lang='grc' dir='ltr'>ἐς</span> <span class='ocrx_word' id='word_1_115' title='bbox 770 821 814 859; x_wconf 81' lang='grc' dir='ltr'>τὰ</span> <span class='ocrx_word' id='word_1_116' title='bbox 844 820 933 872; x_wconf 83' lang='grc' dir='ltr'>ἔργα</span> <span class='ocrx_word' id='word_1_117' title='bbox 962 825 1078 873; x_wconf 81' lang='grc' dir='ltr'>σοφοῦ</span> <span class='ocrx_word' id='word_1_118' title='bbox 1107 822 1235 873; x_wconf 84' lang='grc' dir='ltr'>ἀνδρὸς</span> <span class='ocrx_word' id='word_1_119' title='bbox 1262 823 1397 861; x_wconf 88' lang='grc' dir='ltr'>πολλαί</span> <span class='ocrx_word' id='word_1_120' title='bbox 1421 823 1571 861; x_wconf 81' lang='grc' dir='ltr'>ἐπίνοιαι</span> <span class='ocrx_word' id='word_1_121' title='bbox 1597 824 1659 862; x_wconf 80' lang='grc' dir='ltr'>καὶ</span> 
     </span>
     <span class='ocr_line' id='line_1_13' title="bbox 182 883 1659 940; baseline 0.001 -17"><span class='ocrx_word' id='word_1_122' title='bbox 182 884 386 936; x_wconf 83' lang='grc' dir='ltr'>εὐμήχανοι</span> <span class='ocrx_word' id='word_1_123' title='bbox 417 885 455 926; x_wconf 86' lang='grc' dir='ltr'>ἐς</span> <span class='ocrx_word' id='word_1_124' title='bbox 483 883 616 936; x_wconf 83' lang='grc' dir='ltr'>τέχνας</span> <span class='ocrx_word' id='word_1_125' title='bbox 644 883 669 934; x_wconf 88' lang='grc' dir='ltr'>ἤ</span> <span class='ocrx_word' id='word_1_126' title='bbox 688 898 785 925; x_wconf 90' lang='grc' dir='ltr'>τινας</span> <span class='ocrx_word' id='word_1_127' title='bbox 814 883 929 925; x_wconf 84' lang='grc' dir='ltr'>ἄλλας</span> <span class='ocrx_word' id='word_1_128' title='bbox 959 884 1103 935; x_wconf 74' lang='grc' dir='ltr'>πράξεις</span> <span class='ocrx_word' id='word_1_129' title='bbox 1131 883 1335 935; x_wconf 84' lang='grc' dir='ltr'>λέγονται</span> <span class='ocrx_word' id='word_1_130' title='bbox 1356 884 1487 924; x_wconf 87' lang='grc' dir='ltr'>Θάλεω</span> <span class='ocrx_word' id='word_1_131' title='bbox 1515 901 1555 925; x_wconf 88' lang='grc' dir='ltr'>τε</span> <span class='ocrx_word' id='word_1_132' title='bbox 1578 888 1659 940; x_wconf 88' lang='grc' dir='ltr'>περὶ</span> 
     </span>
     <span class='ocr_line' id='line_1_14' title="bbox 180 947 1658 1002; baseline 0.002 -15"><span class='ocrx_word' id='word_1_133' title='bbox 180 952 244 988; x_wconf 78' lang='grc' dir='ltr'>τοῦ</span> <span class='ocrx_word' id='word_1_134' title='bbox 264 948 447 999; x_wconf 83' lang='grc' dir='ltr'>Μιλησίου</span> <span class='ocrx_word' id='word_1_135' title='bbox 468 949 530 987; x_wconf 81' lang='grc' dir='ltr'>καὶ</span> <span class='ocrx_word' id='word_1_136' title='bbox 548 947 796 999; x_wconf 86' lang='grc' dir='ltr'>Ἀναχάρσιος</span> <span class='ocrx_word' id='word_1_137' title='bbox 821 951 884 985; x_wconf 81' lang='grc' dir='ltr'>τοῦ</span> <span class='ocrx_word' id='word_1_138' title='bbox 904 948 1074 995; x_wconf 78' lang='grc' dir='ltr'>Σκύθου;</span> <span class='ocrx_word' id='word_1_139' title='bbox 1105 947 1243 987; x_wconf 88' lang='lat' dir='ltr'>eodem</span> <span class='ocrx_word' id='word_1_140' title='bbox 1263 949 1349 988; x_wconf 87' lang='lat' dir='ltr'>loco</span> <span class='ocrx_word' id='word_1_141' title='bbox 1368 950 1417 987; x_wconf 86' lang='grc' dir='ltr'>τὰ</span> <span class='ocrx_word' id='word_1_142' title='bbox 1442 950 1658 1002; x_wconf 83' lang='grc' dir='ltr'>λεγόμενα</span> 
     </span>
     <span class='ocr_line' id='line_1_15' title="bbox 180 1010 1658 1066; baseline 0.001 -14"><span class='ocrx_word' id='word_1_143' title='bbox 180 1019 326 1063; x_wconf 87' lang='lat' dir='ltr'>narrat,</span> <span class='ocrx_word' id='word_1_144' title='bbox 356 1011 626 1064; x_wconf 88' lang='lat' dir='ltr'>Creophylum</span> <span class='ocrx_word' id='word_1_145' title='bbox 648 1010 815 1050; x_wconf 86' lang='lat' dir='ltr'>Homeri</span> <span class='ocrx_word' id='word_1_146' title='bbox 845 1010 995 1050; x_wconf 87' lang='lat' dir='ltr'>socium</span> <span class='ocrx_word' id='word_1_147' title='bbox 1024 1011 1145 1051; x_wconf 87' lang='lat' dir='ltr'>fuisse</span> <span class='ocrx_word' id='word_1_148' title='bbox 1174 1017 1214 1051; x_wconf 91' lang='lat' dir='ltr'>et</span> <span class='ocrx_word' id='word_1_149' title='bbox 1234 1011 1353 1063; x_wconf 92' lang='lat' dir='ltr'>hunc,</span> <span class='ocrx_word' id='word_1_150' title='bbox 1382 1012 1476 1052; x_wconf 90' lang='lat' dir='ltr'>dum</span> <span class='ocrx_word' id='word_1_151' title='bbox 1496 1014 1658 1066; x_wconf 85' lang='lat' dir='ltr'>viveret,</span> 
     </span>
     <span class='ocr_line' id='line_1_16' title="bbox 180 1075 1657 1129; baseline 0.001 -13"><span class='ocrx_word' id='word_1_152' title='bbox 180 1092 260 1116; x_wconf 91' lang='lat' dir='ltr'>non</span> <span class='ocrx_word' id='word_1_153' title='bbox 290 1077 423 1129; x_wconf 87' lang='lat' dir='ltr'>magni</span> <span class='ocrx_word' id='word_1_154' title='bbox 453 1076 601 1115; x_wconf 83' lang='lat' dir='ltr'>factum</span> <span class='ocrx_word' id='word_1_155' title='bbox 632 1090 730 1124; x_wconf 87' lang='lat' dir='ltr'>esse.</span> <span class='ocrx_word' id='word_1_156' title='bbox 788 1075 955 1114; x_wconf 88' lang='lat' dir='ltr'>Aristot.</span> <span class='ocrx_word' id='word_1_157' title='bbox 985 1075 1104 1114; x_wconf 92' lang='lat' dir='ltr'>Polit.</span> <span class='ocrx_word' id='word_1_158' title='bbox 1133 1076 1155 1115; x_wconf 91' lang='grc' dir='ltr'>Ι</span> <span class='ocrx_word' id='word_1_159' title='bbox 1189 1079 1248 1126; x_wconf 90' lang='grc'>11,</span> <span class='ocrx_word' id='word_1_160' title='bbox 1282 1078 1383 1116; x_wconf 85' lang='grc'>1259</span> <span class='ocrx_word' id='word_1_161' title='bbox 1414 1077 1463 1117; x_wconf 83' lang='grc'>(10</span> <span class='ocrx_word' id='word_1_162' title='bbox 1492 1078 1657 1118; x_wconf 84' lang='lat' dir='ltr'>Thalete</span> 
     </span>
     <span class='ocr_line' id='line_1_17' title="bbox 179 1138 1658 1191; baseline 0.002 -13"><span class='ocrx_word' id='word_1_163' title='bbox 179 1140 311 1189; x_wconf 84' lang='lat' dir='ltr'>refert,</span> <span class='ocrx_word' id='word_1_164' title='bbox 341 1138 541 1190; x_wconf 87' lang='lat' dir='ltr'>quomodo</span> <span class='ocrx_word' id='word_1_165' title='bbox 570 1138 911 1188; x_wconf 83' lang='lat' dir='ltr'>demonstraverit,</span> <span class='ocrx_word' id='word_1_166' title='bbox 941 1152 982 1177; x_wconf 91' lang='lat' dir='ltr'>se</span> <span class='ocrx_word' id='word_1_167' title='bbox 1012 1153 1061 1177; x_wconf 88' lang='lat' dir='ltr'>ex</span> <span class='ocrx_word' id='word_1_168' title='bbox 1079 1138 1331 1191; x_wconf 86' lang='lat' dir='ltr'>philosophia</span> <span class='ocrx_word' id='word_1_169' title='bbox 1357 1140 1509 1180; x_wconf 88' lang='lat' dir='ltr'>lucrum</span> <span class='ocrx_word' id='word_1_170' title='bbox 1528 1142 1658 1182; x_wconf 87' lang='lat' dir='ltr'>facere</span> 
     </span>
     <span class='ocr_line' id='line_1_18' title="bbox 180 1202 1655 1254; baseline 0.001 -11"><span class='ocrx_word' id='word_1_171' title='bbox 180 1205 280 1244; x_wconf 88' lang='lat' dir='ltr'>scire</span> <span class='ocrx_word' id='word_1_172' title='bbox 299 1204 367 1254; x_wconf 85' lang='grc' dir='ltr'>(τὰ</span> <span class='ocrx_word' id='word_1_173' title='bbox 387 1203 617 1254; x_wconf 82' lang='grc' dir='ltr'>λεγόμενα</span> <span class='ocrx_word' id='word_1_174' title='bbox 640 1203 871 1254; x_wconf 83' lang='grc' dir='ltr'>σποράδην</span> <span class='ocrx_word' id='word_1_175' title='bbox 893 1203 952 1240; x_wconf 81' lang='grc' dir='ltr'>δεῖ</span> <span class='ocrx_word' id='word_1_176' title='bbox 970 1202 1159 1253; x_wconf 79' lang='grc' dir='ltr'>συλλέγειν</span> <span class='ocrx_word' id='word_1_177' title='bbox 1175 1231 1185 1241; x_wconf 92' lang='grc'><strong>.</strong></span> <span class='ocrx_word' id='word_1_178' title='bbox 1204 1232 1213 1241; x_wconf 94' lang='grc'><strong>.</strong></span> <span class='ocrx_word' id='word_1_179' title='bbox 1230 1204 1273 1254; x_wconf 91' lang='grc'>..)</span> <span class='ocrx_word' id='word_1_180' title='bbox 1302 1203 1365 1244; x_wconf 86' lang='lat' dir='ltr'>Cf.</span> <span class='ocrx_word' id='word_1_181' title='bbox 1381 1204 1530 1244; x_wconf 91' lang='lat' dir='ltr'>Herod.</span> <span class='ocrx_word' id='word_1_182' title='bbox 1546 1204 1590 1244; x_wconf 91' lang='lat' dir='ltr'>II</span> <span class='ocrx_word' id='word_1_183' title='bbox 1606 1206 1655 1244; x_wconf 90' lang='lat'>53</span> 
     </span>
     <span class='ocr_line' id='line_1_19' title="bbox 177 1265 1657 1319; baseline 0.001 -14"><span class='ocrx_word' id='word_1_184' title='bbox 177 1269 211 1305; x_wconf 84' lang='grc' dir='ltr'>οἱ</span> <span class='ocrx_word' id='word_1_185' title='bbox 238 1267 412 1319; x_wconf 86' lang='grc' dir='ltr'>πρότερον</span> <span class='ocrx_word' id='word_1_186' title='bbox 446 1267 592 1317; x_wconf 83' lang='grc' dir='ltr'>ποιηταὶ</span> <span class='ocrx_word' id='word_1_187' title='bbox 625 1265 874 1316; x_wconf 83' lang='grc' dir='ltr'>λεγόμενοι</span> <span class='ocrx_word' id='word_1_188' title='bbox 908 1266 1044 1303; x_wconf 80' lang='grc' dir='ltr'>τούτων</span> <span class='ocrx_word' id='word_1_189' title='bbox 1080 1266 1251 1315; x_wconf 79' lang='grc' dir='ltr'>γενέσθαι</span> <span class='ocrx_word' id='word_1_190' title='bbox 1292 1267 1402 1317; x_wconf 87' lang='lat' dir='ltr'>(ante</span> <span class='ocrx_word' id='word_1_191' title='bbox 1437 1268 1657 1307; x_wconf 86' lang='lat' dir='ltr'>Homerum</span> 
     </span>
     <span class='ocr_line' id='line_1_20' title="bbox 178 1328 1656 1383; baseline 0.001 -14"><span class='ocrx_word' id='word_1_192' title='bbox 178 1336 218 1370; x_wconf 89' lang='lat' dir='ltr'>et</span> <span class='ocrx_word' id='word_1_193' title='bbox 236 1330 492 1381; x_wconf 87' lang='lat' dir='ltr'>Hesiodum),</span> <span class='ocrx_word' id='word_1_194' title='bbox 526 1330 589 1369; x_wconf 89' lang='lat' dir='ltr'>VI</span> <span class='ocrx_word' id='word_1_195' title='bbox 613 1329 687 1368; x_wconf 86' lang='lat'>127</span> <span class='ocrx_word' id='word_1_196' title='bbox 718 1328 862 1381; x_wconf 84' lang='grc' dir='ltr'>Σιρίτης</span> <span class='ocrx_word' id='word_1_197' title='bbox 889 1328 1075 1380; x_wconf 85' lang='grc' dir='ltr'>Δαμάσιος</span> <span class='ocrx_word' id='word_1_198' title='bbox 1099 1328 1266 1382; x_wconf 81' lang='grc' dir='ltr'>Ἀμύριος</span> <span class='ocrx_word' id='word_1_199' title='bbox 1293 1333 1357 1369; x_wconf 82' lang='grc' dir='ltr'>τοῦ</span> <span class='ocrx_word' id='word_1_200' title='bbox 1385 1334 1502 1383; x_wconf 82' lang='grc' dir='ltr'>σοφοῦ</span> <span class='ocrx_word' id='word_1_201' title='bbox 1530 1333 1656 1383; x_wconf 81' lang='grc' dir='ltr'>λεγο-</span> 
     </span>
     <span class='ocr_line' id='line_1_21' title="bbox 178 1390 1655 1447; baseline 0 -14"><span class='ocrx_word' id='word_1_202' title='bbox 178 1395 311 1446; x_wconf 85' lang='grc' dir='ltr'>μένου</span> <span class='ocrx_word' id='word_1_203' title='bbox 340 1398 442 1440; x_wconf 82' lang='grc' dir='ltr'>παῖς,</span> <span class='ocrx_word' id='word_1_204' title='bbox 487 1393 509 1432; x_wconf 93' lang='grc' dir='ltr'><strong>Ι</strong></span> <span class='ocrx_word' id='word_1_205' title='bbox 539 1394 587 1431; x_wconf 89' lang='grc'>27</span> <span class='ocrx_word' id='word_1_206' title='bbox 626 1393 666 1430; x_wconf 89' lang='grc' dir='ltr'>οἱ</span> <span class='ocrx_word' id='word_1_207' title='bbox 696 1393 774 1443; x_wconf 83' lang='grc' dir='ltr'>μὲν</span> <span class='ocrx_word' id='word_1_208' title='bbox 805 1390 941 1430; x_wconf 87' lang='grc' dir='ltr'>Βίαντα</span> <span class='ocrx_word' id='word_1_209' title='bbox 975 1392 1169 1442; x_wconf 81' lang='grc' dir='ltr'>λέγουσι</span> <span class='ocrx_word' id='word_1_210' title='bbox 1197 1393 1413 1445; x_wconf 82' lang='grc' dir='ltr'>ἀπικόμενον</span> <span class='ocrx_word' id='word_1_211' title='bbox 1445 1395 1483 1436; x_wconf 84' lang='grc' dir='ltr'>ἐς</span> <span class='ocrx_word' id='word_1_212' title='bbox 1512 1395 1655 1447; x_wconf 88' lang='grc' dir='ltr'>Σάρδις,</span> 
     </span>
     <span class='ocr_line' id='line_1_22' title="bbox 176 1455 1656 1497; baseline 0 0"><span class='ocrx_word' id='word_1_213' title='bbox 176 1460 215 1497; x_wconf 85' lang='grc' dir='ltr'>οἱ</span> <span class='ocrx_word' id='word_1_214' title='bbox 244 1459 291 1497; x_wconf 86' lang='grc' dir='ltr'>δὲ</span> <span class='ocrx_word' id='word_1_215' title='bbox 323 1456 499 1496; x_wconf 80' lang='grc' dir='ltr'>Πιττακόν</span> <span class='ocrx_word' id='word_1_216' title='bbox 521 1486 530 1495; x_wconf 92' lang='grc'><strong>.</strong></span> <span class='ocrx_word' id='word_1_217' title='bbox 552 1485 561 1495; x_wconf 96' lang='grc'><em>.</em></span> <span class='ocrx_word' id='word_1_218' title='bbox 583 1485 592 1494; x_wconf 91' lang='grc'><strong>.</strong></span> <span class='ocrx_word' id='word_1_219' title='bbox 650 1456 714 1494; x_wconf 94' lang='lat' dir='ltr'>De</span> <span class='ocrx_word' id='word_1_220' title='bbox 733 1455 895 1495; x_wconf 92' lang='lat' dir='ltr'>Aristea</span> <span class='ocrx_word' id='word_1_221' title='bbox 922 1455 1212 1495; x_wconf 88' lang='lat' dir='ltr'>Proconnesios</span> <span class='ocrx_word' id='word_1_222' title='bbox 1242 1456 1493 1497; x_wconf 89' lang='lat' dir='ltr'>Herodotum</span> <span class='ocrx_word' id='word_1_223' title='bbox 1522 1457 1656 1497; x_wconf 89' lang='lat' dir='ltr'>scisci-</span> 
     </span>
     <span class='ocr_line' id='line_1_23' title="bbox 175 1519 1656 1571; baseline 0 -10"><span class='ocrx_word' id='word_1_224' title='bbox 175 1528 302 1561; x_wconf 87' lang='lat' dir='ltr'>tatum</span> <span class='ocrx_word' id='word_1_225' title='bbox 340 1536 419 1560; x_wconf 93' lang='lat' dir='ltr'>non</span> <span class='ocrx_word' id='word_1_226' title='bbox 455 1535 560 1571; x_wconf 88' lang='lat' dir='ltr'>esse,</span> <span class='ocrx_word' id='word_1_227' title='bbox 604 1520 673 1559; x_wconf 88' lang='lat' dir='ltr'>sed</span> <span class='ocrx_word' id='word_1_228' title='bbox 707 1519 806 1558; x_wconf 90' lang='lat' dir='ltr'>illud</span> <span class='ocrx_word' id='word_1_229' title='bbox 839 1520 1073 1558; x_wconf 83' lang='lat' dir='ltr'>miraculum</span> <span class='ocrx_word' id='word_1_230' title='bbox 1111 1520 1235 1559; x_wconf 92' lang='lat' dir='ltr'>multo</span> <span class='ocrx_word' id='word_1_231' title='bbox 1271 1526 1362 1559; x_wconf 89' lang='lat' dir='ltr'>ante</span> <span class='ocrx_word' id='word_1_232' title='bbox 1397 1536 1486 1560; x_wconf 89' lang='lat' dir='ltr'>eum</span> <span class='ocrx_word' id='word_1_233' title='bbox 1515 1522 1656 1561; x_wconf 87' lang='lat' dir='ltr'>litteris</span> 
     </span>
     <span class='ocr_line' id='line_1_24' title="bbox 176 1582 1655 1634; baseline 0 -10"><span class='ocrx_word' id='word_1_234' title='bbox 176 1585 406 1624; x_wconf 89' lang='lat' dir='ltr'>mandatum</span> <span class='ocrx_word' id='word_1_235' title='bbox 449 1584 590 1632; x_wconf 88' lang='lat' dir='ltr'>fuisse,</span> <span class='ocrx_word' id='word_1_236' title='bbox 631 1582 723 1621; x_wconf 89' lang='lat' dir='ltr'>inde</span> <span class='ocrx_word' id='word_1_237' title='bbox 763 1596 922 1633; x_wconf 91' lang='lat' dir='ltr'>quoque</span> <span class='ocrx_word' id='word_1_238' title='bbox 962 1583 1160 1633; x_wconf 87' lang='lat' dir='ltr'>sequitur,</span> <span class='ocrx_word' id='word_1_239' title='bbox 1204 1583 1310 1634; x_wconf 92' lang='lat' dir='ltr'>quod</span> <span class='ocrx_word' id='word_1_240' title='bbox 1343 1583 1575 1624; x_wconf 88' lang='lat' dir='ltr'>Herodotus</span> <span class='ocrx_word' id='word_1_241' title='bbox 1614 1585 1655 1624; x_wconf 91' lang='lat' dir='ltr'>id</span> 
     </span>
     <span class='ocr_line' id='line_1_25' title="bbox 175 1646 1656 1700; baseline 0.001 -13"><span class='ocrx_word' id='word_1_242' title='bbox 175 1648 337 1700; x_wconf 91' lang='lat' dir='ltr'>quidem</span> <span class='ocrx_word' id='word_1_243' title='bbox 372 1647 464 1696; x_wconf 88' lang='lat' dir='ltr'>scit,</span> <span class='ocrx_word' id='word_1_244' title='bbox 504 1647 704 1686; x_wconf 87' lang='lat' dir='ltr'>Aristeam</span> <span class='ocrx_word' id='word_1_245' title='bbox 732 1646 958 1698; x_wconf 88' lang='lat' dir='ltr'>Metaponti</span> <span class='ocrx_word' id='word_1_246' title='bbox 992 1646 1120 1685; x_wconf 90' lang='lat' dir='ltr'>visum</span> <span class='ocrx_word' id='word_1_247' title='bbox 1155 1660 1240 1686; x_wconf 87' lang='lat' dir='ltr'>esse</span> <span class='ocrx_word' id='word_1_248' title='bbox 1275 1646 1457 1687; x_wconf 86' lang='lat' dir='ltr'>ducentis</span> <span class='ocrx_word' id='word_1_249' title='bbox 1486 1648 1656 1699; x_wconf 86' lang='lat' dir='ltr'>quadra-</span> 
     </span>
     <span class='ocr_line' id='line_1_26' title="bbox 174 1709 1654 1765; baseline -0.001 -14"><span class='ocrx_word' id='word_1_250' title='bbox 174 1713 287 1765; x_wconf 87' lang='lat' dir='ltr'>ginta</span> <span class='ocrx_word' id='word_1_251' title='bbox 314 1712 429 1750; x_wconf 89' lang='lat' dir='ltr'>annis</span> <span class='ocrx_word' id='word_1_252' title='bbox 458 1715 668 1762; x_wconf 87' lang='lat' dir='ltr'>postquam</span> <span class='ocrx_word' id='word_1_253' title='bbox 697 1710 841 1748; x_wconf 91' lang='lat' dir='ltr'>iterum</span> <span class='ocrx_word' id='word_1_254' title='bbox 871 1723 920 1747; x_wconf 85' lang='lat' dir='ltr'>ex</span> <span class='ocrx_word' id='word_1_255' title='bbox 938 1709 1297 1748; x_wconf 89' lang='lat' dir='ltr'>Proconnesiorum</span> <span class='ocrx_word' id='word_1_256' title='bbox 1328 1716 1541 1762; x_wconf 89' lang='lat' dir='ltr'>conspectu</span> <span class='ocrx_word' id='word_1_257' title='bbox 1562 1711 1654 1751; x_wconf 91' lang='lat' dir='ltr'>sub-</span> 
     </span>
     <span class='ocr_line' id='line_1_27' title="bbox 173 1772 1654 1825; baseline -0.001 -10"><span class='ocrx_word' id='word_1_258' title='bbox 173 1776 277 1814; x_wconf 88' lang='lat' dir='ltr'>latus</span> <span class='ocrx_word' id='word_1_259' title='bbox 306 1780 410 1814; x_wconf 88' lang='lat' dir='ltr'>esset</span> <span class='ocrx_word' id='word_1_260' title='bbox 444 1775 497 1824; x_wconf 91' lang='lat' dir='ltr'>(c.</span> <span class='ocrx_word' id='word_1_261' title='bbox 523 1774 610 1824; x_wconf 89' lang='lat'>15),</span> <span class='ocrx_word' id='word_1_262' title='bbox 645 1772 726 1812; x_wconf 89' lang='lat' dir='ltr'>sed</span> <span class='ocrx_word' id='word_1_263' title='bbox 754 1786 950 1824; x_wconf 85' lang='lat' dir='ltr'>prorsus</span> <span class='ocrx_word' id='word_1_264' title='bbox 979 1772 1186 1825; x_wconf 82' lang='lat' dir='ltr'>ignorat,</span> <span class='ocrx_word' id='word_1_265' title='bbox 1220 1779 1335 1824; x_wconf 91' lang='lat' dir='ltr'>quot</span> <span class='ocrx_word' id='word_1_266' title='bbox 1370 1775 1511 1813; x_wconf 88' lang='lat' dir='ltr'>annis</span> <span class='ocrx_word' id='word_1_267' title='bbox 1548 1780 1654 1814; x_wconf 88' lang='lat' dir='ltr'>ante</span> 
     </span>
     <span class='ocr_line' id='line_1_28' title="bbox 174 1835 1654 1891; baseline -0.001 -13"><span class='ocrx_word' id='word_1_268' title='bbox 174 1839 325 1891; x_wconf 89' lang='lat' dir='ltr'>ipsius</span> <span class='ocrx_word' id='word_1_269' title='bbox 362 1842 567 1876; x_wconf 88' lang='lat' dir='ltr'>aetatem</span> <span class='ocrx_word' id='word_1_270' title='bbox 603 1836 683 1874; x_wconf 92' lang='lat' dir='ltr'>ille</span> <span class='ocrx_word' id='word_1_271' title='bbox 718 1835 903 1874; x_wconf 86' lang='lat' dir='ltr'>vixerit.</span> <span class='ocrx_word' id='word_1_272' title='bbox 967 1835 1031 1874; x_wconf 86' lang='lat' dir='ltr'>Ita</span> <span class='ocrx_word' id='word_1_273' title='bbox 1065 1835 1286 1890; x_wconf 84' lang='lat' dir='ltr'>mirandum</span> <span class='ocrx_word' id='word_1_274' title='bbox 1320 1851 1400 1876; x_wconf 91' lang='lat' dir='ltr'>non</span> <span class='ocrx_word' id='word_1_275' title='bbox 1437 1842 1513 1887; x_wconf 88' lang='lat' dir='ltr'>est,</span> <span class='ocrx_word' id='word_1_276' title='bbox 1547 1837 1654 1889; x_wconf 92' lang='lat' dir='ltr'>quod</span> 
     </span>
     <span class='ocr_line' id='line_1_29' title="bbox 173 1898 1653 1951; baseline 0 -11"><span class='ocrx_word' id='word_1_277' title='bbox 173 1902 330 1950; x_wconf 88' lang='lat' dir='ltr'>eadem,</span> <span class='ocrx_word' id='word_1_278' title='bbox 364 1915 465 1951; x_wconf 91' lang='lat' dir='ltr'>quae</span> <span class='ocrx_word' id='word_1_279' title='bbox 503 1899 611 1951; x_wconf 90' lang='lat' dir='ltr'>apud</span> <span class='ocrx_word' id='word_1_280' title='bbox 639 1898 891 1938; x_wconf 90' lang='lat' dir='ltr'>Herodotum</span> <span class='ocrx_word' id='word_1_281' title='bbox 928 1898 977 1937; x_wconf 92' lang='lat' dir='ltr'>de</span> <span class='ocrx_word' id='word_1_282' title='bbox 1007 1913 1054 1937; x_wconf 92' lang='lat' dir='ltr'>eo</span> <span class='ocrx_word' id='word_1_283' title='bbox 1082 1904 1256 1948; x_wconf 84' lang='lat' dir='ltr'>exstent,</span> <span class='ocrx_word' id='word_1_284' title='bbox 1292 1905 1408 1938; x_wconf 87' lang='lat' dir='ltr'>antea</span> <span class='ocrx_word' id='word_1_285' title='bbox 1435 1900 1653 1940; x_wconf 85' lang='lat' dir='ltr'>Pindarum</span> 
     </span>
     <span class='ocr_line' id='line_1_30' title="bbox 173 1960 1653 2016; baseline -0.001 -12"><span class='ocrx_word' id='word_1_286' title='bbox 173 1964 394 2004; x_wconf 84' lang='lat' dir='ltr'>narravisse</span> <span class='ocrx_word' id='word_1_287' title='bbox 424 1963 624 2002; x_wconf 88' lang='lat' dir='ltr'>audimus:</span> <span class='ocrx_word' id='word_1_288' title='bbox 655 1960 767 2014; x_wconf 83' lang='lat' dir='ltr'>Orig.</span> <span class='ocrx_word' id='word_1_289' title='bbox 796 1976 829 2001; x_wconf 87' lang='grc'>0.</span> <span class='ocrx_word' id='word_1_290' title='bbox 851 1961 955 2001; x_wconf 89' lang='lat' dir='ltr'>Cels.</span> <span class='ocrx_word' id='word_1_291' title='bbox 975 1961 1042 2000; x_wconf 90' lang='grc' dir='ltr'>ΙΙΙ</span> <span class='ocrx_word' id='word_1_292' title='bbox 1063 1962 1113 2000; x_wconf 91' lang='grc'>26</span> <span class='ocrx_word' id='word_1_293' title='bbox 1144 1961 1278 2015; x_wconf 82' lang='grc' dir='ltr'>εἴληφε</span> <span class='ocrx_word' id='word_1_294' title='bbox 1308 1962 1451 2005; x_wconf 85' lang='grc' dir='ltr'>Κέλσος</span> <span class='ocrx_word' id='word_1_295' title='bbox 1479 1965 1542 2014; x_wconf 87' lang='grc' dir='ltr'>τὴν</span> <span class='ocrx_word' id='word_1_296' title='bbox 1571 1965 1653 2016; x_wconf 88' lang='grc' dir='ltr'>περὶ</span> 
     </span>
     <span class='ocr_line' id='line_1_31' title="bbox 171 2024 1407 2080; baseline -0.002 -13"><span class='ocrx_word' id='word_1_297' title='bbox 171 2030 231 2067; x_wconf 85' lang='grc' dir='ltr'>τὸν</span> <span class='ocrx_word' id='word_1_298' title='bbox 254 2027 439 2080; x_wconf 84' lang='grc' dir='ltr'>Ἀριστέαν</span> <span class='ocrx_word' id='word_1_299' title='bbox 469 2027 624 2078; x_wconf 85' lang='grc' dir='ltr'>ἱστορίαν</span> <span class='ocrx_word' id='word_1_300' title='bbox 659 2026 745 2064; x_wconf 84' lang='grc' dir='ltr'>ἀπὸ</span> <span class='ocrx_word' id='word_1_301' title='bbox 787 2025 1011 2077; x_wconf 86' lang='grc' dir='ltr'>Πινδάρου</span> <span class='ocrx_word' id='word_1_302' title='bbox 1046 2024 1407 2078; x_wconf 39' lang='grc' dir='ltr'>καὶςΗροδότον.</span> 
     </span>
    </p>
   </div>
   <div class='ocr_carea' id='block_1_5' title="bbox 167 2152 1675 2650">
    <p class='ocr_par' dir='ltr' id='par_1_5' title="bbox 167 2152 1675 2650">
     <span class='ocr_line' id='line_1_32' title="bbox 280 2152 1653 2206; baseline 0 -12"><span class='ocrx_word' id='word_1_303' title='bbox 280 2155 302 2194; x_wconf 95' lang='lat' dir='ltr'>I</span> <span class='ocrx_word' id='word_1_304' title='bbox 325 2157 395 2194; x_wconf 89' lang='grc'>171</span> <span class='ocrx_word' id='word_1_305' title='bbox 430 2154 480 2194; x_wconf 89' lang='lat' dir='ltr'>de</span> <span class='ocrx_word' id='word_1_306' title='bbox 500 2154 648 2194; x_wconf 87' lang='lat' dir='ltr'>Carum</span> <span class='ocrx_word' id='word_1_307' title='bbox 677 2153 829 2205; x_wconf 85' lang='lat' dir='ltr'>origine</span> <span class='ocrx_word' id='word_1_308' title='bbox 859 2152 1059 2192; x_wconf 85' lang='lat' dir='ltr'>diversum</span> <span class='ocrx_word' id='word_1_309' title='bbox 1088 2153 1130 2192; x_wconf 93' lang='lat' dir='ltr'>in</span> <span class='ocrx_word' id='word_1_310' title='bbox 1150 2152 1311 2192; x_wconf 91' lang='lat' dir='ltr'>modum</span> <span class='ocrx_word' id='word_1_311' title='bbox 1331 2154 1468 2202; x_wconf 85' lang='lat' dir='ltr'>refert3</span> <span class='ocrx_word' id='word_1_312' title='bbox 1498 2168 1653 2206; x_wconf 87' lang='lat' dir='ltr'>semper</span> 
     </span>
     <span class='ocr_line' id='line_1_33' title="bbox 170 2216 1651 2268; baseline -0.002 -11"><span class='ocrx_word' id='word_1_313' title='bbox 170 2219 211 2257; x_wconf 89' lang='lat' dir='ltr'>in</span> <span class='ocrx_word' id='word_1_314' title='bbox 249 2218 468 2257; x_wconf 90' lang='lat' dir='ltr'>continenti</span> <span class='ocrx_word' id='word_1_315' title='bbox 505 2231 572 2256; x_wconf 88' lang='lat' dir='ltr'>eos</span> <span class='ocrx_word' id='word_1_316' title='bbox 607 2217 806 2256; x_wconf 76' lang='lat' dir='ltr'>habitasse</span> <span class='ocrx_word' id='word_1_317' title='bbox 841 2222 960 2267; x_wconf 87' lang='lat' dir='ltr'>atque</span> <span class='ocrx_word' id='word_1_318' title='bbox 999 2216 1074 2255; x_wconf 92' lang='grc'>1100</span> <span class='ocrx_word' id='word_1_319' title='bbox 1102 2216 1224 2255; x_wconf 84' lang='lat' dir='ltr'>Cares</span> <span class='ocrx_word' id='word_1_320' title='bbox 1259 2217 1367 2268; x_wconf 88' lang='lat' dir='ltr'>ipsos</span> <span class='ocrx_word' id='word_1_321' title='bbox 1402 2223 1562 2268; x_wconf 84' lang='lat' dir='ltr'>putare3</span> <span class='ocrx_word' id='word_1_322' title='bbox 1600 2240 1651 2245; x_wconf 91' lang='lat'>—-</span> 
     </span>
     <span class='ocr_line' id='line_1_34' title="bbox 169 2279 1652 2335; baseline -0.001 -14"><span class='ocrx_word' id='word_1_323' title='bbox 169 2282 390 2335; x_wconf 87' lang='lat' dir='ltr'>antiquitus</span> <span class='ocrx_word' id='word_1_324' title='bbox 433 2296 501 2321; x_wconf 90' lang='lat' dir='ltr'>eos</span> <span class='ocrx_word' id='word_1_325' title='bbox 537 2281 688 2320; x_wconf 85' lang='lat' dir='ltr'>insulas</span> <span class='ocrx_word' id='word_1_326' title='bbox 724 2280 842 2319; x_wconf 90' lang='lat' dir='ltr'>maris</span> <span class='ocrx_word' id='word_1_327' title='bbox 879 2279 1007 2332; x_wconf 84' lang='lat' dir='ltr'>Aegei</span> <span class='ocrx_word' id='word_1_328' title='bbox 1049 2279 1280 2330; x_wconf 85' lang='lat' dir='ltr'>incoluisse,</span> <span class='ocrx_word' id='word_1_329' title='bbox 1318 2279 1490 2333; x_wconf 84' lang='lat' dir='ltr'>Leleges</span> <span class='ocrx_word' id='word_1_330' title='bbox 1526 2279 1652 2319; x_wconf 88' lang='lat' dir='ltr'>nomi-</span> 
     </span>
     <span class='ocr_line' id='line_1_35' title="bbox 170 2342 1651 2394; baseline -0.001 -11"><span class='ocrx_word' id='word_1_331' title='bbox 170 2351 305 2394; x_wconf 86' lang='lat' dir='ltr'>natos,</span> <span class='ocrx_word' id='word_1_332' title='bbox 341 2350 381 2383; x_wconf 89' lang='lat' dir='ltr'>et</span> <span class='ocrx_word' id='word_1_333' title='bbox 415 2344 599 2382; x_wconf 91' lang='lat' dir='ltr'>Minois</span> <span class='ocrx_word' id='word_1_334' title='bbox 634 2343 837 2393; x_wconf 90' lang='lat' dir='ltr'>imperio</span> <span class='ocrx_word' id='word_1_335' title='bbox 874 2342 1125 2391; x_wconf 88' lang='lat' dir='ltr'>subiectos</span> <span class='ocrx_word' id='word_1_336' title='bbox 1161 2343 1317 2381; x_wconf 88' lang='lat' dir='ltr'>fuisse</span> <span class='ocrx_word' id='word_1_337' title='bbox 1353 2357 1426 2381; x_wconf 88' lang='grc'>1100</span> <span class='ocrx_word' id='word_1_338' title='bbox 1462 2358 1554 2381; x_wconf 91' lang='lat' dir='ltr'>vero</span> <span class='ocrx_word' id='word_1_339' title='bbox 1581 2343 1651 2381; x_wconf 89' lang='lat' dir='ltr'>tri-</span> 
     </span>
     <span class='ocr_line' id='line_1_36' title="bbox 168 2405 1651 2458; baseline -0.002 -11"><span class='ocrx_word' id='word_1_340' title='bbox 168 2408 309 2447; x_wconf 90' lang='lat' dir='ltr'>butum</span> <span class='ocrx_word' id='word_1_341' title='bbox 339 2407 523 2456; x_wconf 88' lang='lat' dir='ltr'>solvisse,</span> <span class='ocrx_word' id='word_1_342' title='bbox 558 2405 628 2446; x_wconf 86' lang='lat' dir='ltr'>sed</span> <span class='ocrx_word' id='word_1_343' title='bbox 663 2419 784 2445; x_wconf 90' lang='lat' dir='ltr'>naves</span> <span class='ocrx_word' id='word_1_344' title='bbox 813 2405 1092 2458; x_wconf 86' lang='lat' dir='ltr'>complevisse,</span> <span class='ocrx_word' id='word_1_345' title='bbox 1128 2419 1216 2444; x_wconf 85' lang='lat' dir='ltr'>cum</span> <span class='ocrx_word' id='word_1_346' title='bbox 1246 2405 1381 2445; x_wconf 85' lang='lat' dir='ltr'>Minos</span> <span class='ocrx_word' id='word_1_347' title='bbox 1419 2406 1475 2445; x_wconf 88' lang='lat' dir='ltr'>eis</span> <span class='ocrx_word' id='word_1_348' title='bbox 1504 2411 1651 2458; x_wconf 86' lang='lat' dir='ltr'>egeret,</span> 
     </span>
     <span class='ocr_line' id='line_1_37' title="bbox 169 2470 1649 2523; baseline -0.002 -12"><span class='ocrx_word' id='word_1_349' title='bbox 169 2478 301 2523; x_wconf 86' lang='lat' dir='ltr'>atque,</span> <span class='ocrx_word' id='word_1_350' title='bbox 331 2472 425 2523; x_wconf 88' lang='lat' dir='ltr'>quia</span> <span class='ocrx_word' id='word_1_351' title='bbox 452 2471 519 2510; x_wconf 88' lang='lat' dir='ltr'>ille</span> <span class='ocrx_word' id='word_1_352' title='bbox 548 2471 673 2509; x_wconf 89' lang='lat' dir='ltr'>multa</span> <span class='ocrx_word' id='word_1_353' title='bbox 701 2470 807 2508; x_wconf 93' lang='lat' dir='ltr'>bella</span> <span class='ocrx_word' id='word_1_354' title='bbox 834 2476 991 2522; x_wconf 84' lang='lat' dir='ltr'>gereret</span> <span class='ocrx_word' id='word_1_355' title='bbox 1019 2475 1058 2508; x_wconf 85' lang='grc'>01</span> <span class='ocrx_word' id='word_1_356' title='bbox 1084 2470 1188 2508; x_wconf 85' lang='lat' dir='ltr'>bello</span> <span class='ocrx_word' id='word_1_357' title='bbox 1217 2470 1311 2508; x_wconf 86' lang='lat' dir='ltr'>felix</span> <span class='ocrx_word' id='word_1_358' title='bbox 1331 2475 1445 2518; x_wconf 86' lang='lat' dir='ltr'>esset,</span> <span class='ocrx_word' id='word_1_359' title='bbox 1476 2471 1649 2508; x_wconf 90' lang='lat' dir='ltr'>omnium</span> 
     </span>
     <span class='ocr_line' id='line_1_38' title="bbox 167 2532 1650 2588; baseline -0.001 -14"><span class='ocrx_word' id='word_1_360' title='bbox 167 2535 407 2588; x_wconf 90' lang='lat' dir='ltr'>populorum</span> <span class='ocrx_word' id='word_1_361' title='bbox 449 2540 534 2573; x_wconf 92' lang='lat' dir='ltr'>tum</span> <span class='ocrx_word' id='word_1_362' title='bbox 577 2533 815 2573; x_wconf 88' lang='lat' dir='ltr'>clarissimos</span> <span class='ocrx_word' id='word_1_363' title='bbox 857 2533 1000 2583; x_wconf 89' lang='lat' dir='ltr'>fuisse,</span> <span class='ocrx_word' id='word_1_364' title='bbox 1043 2548 1066 2572; x_wconf 92' lang='lat' dir='ltr'>a</span> <span class='ocrx_word' id='word_1_365' title='bbox 1102 2533 1365 2573; x_wconf 77' lang='lat' dir='ltr'>Doriensibus</span> <span class='ocrx_word' id='word_1_366' title='bbox 1402 2538 1442 2571; x_wconf 87' lang='lat' dir='ltr'>et</span> <span class='ocrx_word' id='word_1_367' title='bbox 1477 2532 1650 2572; x_wconf 84' lang='lat' dir='ltr'>Jonibus</span> 
     </span>
     <span class='ocr_line' id='line_1_39' title="bbox 167 2596 1675 2650; baseline -0.001 -13"><span class='ocrx_word' id='word_1_368' title='bbox 167 2604 299 2637; x_wconf 89' lang='lat' dir='ltr'>autem</span> <span class='ocrx_word' id='word_1_369' title='bbox 328 2599 515 2650; x_wconf 86' lang='lat' dir='ltr'>expulsos</span> <span class='ocrx_word' id='word_1_370' title='bbox 549 2598 590 2637; x_wconf 90' lang='lat' dir='ltr'>in</span> <span class='ocrx_word' id='word_1_371' title='bbox 619 2598 886 2636; x_wconf 84' lang='lat' dir='ltr'>continentem</span> <span class='ocrx_word' id='word_1_372' title='bbox 914 2597 1240 2649; x_wconf 84' lang='lat' dir='ltr'>transmigrasse:</span> <span class='ocrx_word' id='word_1_373' title='bbox 1281 2597 1356 2636; x_wconf 88' lang='grc'>1100</span> <span class='ocrx_word' id='word_1_374' title='bbox 1385 2596 1675 2636; x_wconf 75' lang='lat' dir='ltr'>Cretenses·</span> 
     </span>
    </p>
   </div>
  </div>
 </body>
</html>
