1844 2898
768 127 1032 167 ..55-

163 243 321 270 narrare
354 231 468 281 dicit,
501 245 582 272 non
615 238 701 272 tum
734 247 784 273 ex
811 234 1053 287 Argivorum
1086 235 1333 285 quorundam
1366 250 1434 275 ore
1467 236 1631 285 audivit,

162 291 233 334 sed
259 305 376 346 spero
394 307 457 334 me
476 305 556 336 non
575 293 826 349 repudiatum
843 296 893 337 iri
910 292 1122 348 dicentem,
1150 310 1254 348 eum,
1282 312 1372 338 cum
1391 313 1470 339 non
1500 299 1632 339 omnia

161 354 360 406 probaret,
378 368 480 406 quae
494 358 544 397 de
566 359 742 411 Argivis,
761 360 960 409 quomodo
978 358 1190 399 Persarum
1209 361 1323 400 bellis
1341 376 1382 400 se
1402 363 1630 413 gessissent,

161 415 308 458 tradita
334 424 466 470 erant,
500 434 602 473 quae
629 421 713 461 veri
745 421 888 462 similia
914 421 951 462 ei
978 421 1215 463 videbantur
1242 437 1347 475 esse,
1384 423 1481 463 haec
1506 438 1530 464 e
1557 437 1630 465 suo

161 481 211 520 ad
239 481 414 534 Argivos
442 488 488 521 ut
513 489 694 523 auctores
721 485 931 525 rettulisse.

269 548 455 602 Denique
495 550 539 590 11
566 553 611 592 91
659 551 756 591 dicit
796 551 1098 605 Chemmitas,
1142 565 1232 593 cum
1279 553 1330 593 de
1369 554 1516 595 Perseo
1563 570 1630 595 eos

160 613 385 653 sciscitatus
413 619 528 664 esset,
556 613 799 655 rettulisse
827 628 918 656 eum
945 618 1122 669 ipsorum
1151 618 1277 657 civem
1306 633 1409 666 esse3
1444 619 1629 658 Danaum

160 675 264 715 enim
299 681 340 715 et
372 676 579 729 Lynceum
609 677 791 720 Chemmi
824 680 866 719 in
894 679 1106 720 Graeciam
1141 687 1276 721 vectos
1309 696 1395 721 esse
1425 709 1434 720 .
1466 711 1474 719 .
1506 711 1516 720 .
1546 683 1629 720 ἀπὸ

159 739 331 778 τούτων
360 741 758 813 γενεηλογέοντες
784 743 1061 797 κατέβαινον
1092 744 1137 787 ἐς
1155 745 1229 783 τὸν
1251 744 1453 797 Περσέα,
1482 759 1628 797 eosque

159 817 352 854 narrasse,
379 803 570 843 Perseum
599 805 641 843 in
659 804 830 857 Libyam
859 807 1082 858 profectum
1108 807 1184 845 κατ’
1217 807 1345 858 αἰτίην,
1374 809 1437 858 τὴν
1457 809 1518 846 καὶ
1539 807 1627 846 Ἐλ-

159 866 267 917 ληνες
293 862 455 916 λέγουσι,
482 865 626 906 οἴσοντα
653 867 716 919 τὴν
747 867 905 920 Γοργοῦς
931 870 1116 922 κεφαλήν,
1144 869 1186 908 in
1213 868 1445 923 Aegyptum
1472 871 1628 910 venisse

158 934 199 967 et
230 924 407 980 ipsorum
441 930 633 982 oppidum
667 931 806 972 visisse
841 938 881 971 et
914 931 1159 985 propinquos
1201 948 1338 973 omnes
1380 934 1627 986 cognovisse,

158 991 198 1029 τὸ
239 993 305 1042 τῆς
335 991 505 1044 Χέμμιος
544 994 684 1046 οὔνομα
716 995 945 1047 πεπυσμένον
983 996 1080 1049 παρὰ
1118 999 1182 1048 τῆς
1221 996 1368 1049 μητρός.
1426 996 1628 1038 Chemmis

158 1058 297 1111 oppidi
324 1058 475 1098 incolas
502 1058 651 1109 (neque
679 1058 785 1097 enim
812 1058 862 1098 ad
890 1059 1143 1110 interpretes,
1178 1059 1229 1098 ad
1263 1073 1363 1110 quos
1397 1056 1446 1098 de
1480 1060 1627 1101 talibus

157 1121 279 1174 vulgo
306 1120 555 1174 confugiunt,
584 1120 814 1160 Herodotus
841 1127 1047 1173 provocat:
1084 1122 1208 1161 οὗτοι
1236 1123 1279 1160 οἱ
1305 1121 1541 1173 Χεμμῖται
1568 1124 1627 1162 λέ-

157 1197 261 1236 γουσι
286 1213 421 1223 .....
447 1183 636 1236 εἰρομένου
671 1183 712 1222 δέ
747 1199 816 1236 μευ
844 1212 978 1223 .....
1004 1184 1182 1237 ἔφασαν
1216 1186 1275 1223 τὸν
1306 1185 1453 1237 Περσέα
1487 1186 1529 1224 ἐκ
1563 1189 1628 1237 τῆς

156 1249 303 1287 ἑωυτῶν
331 1247 457 1290 πόλιος
484 1247 700 1298 γεγονέναι).
757 1247 913 1287 Graeco
951 1259 1134 1287 sermone
1162 1248 1299 1288 Persei
1333 1262 1501 1300 proavos
1530 1264 1627 1288 enu-

157 1325 327 1350 merasse
354 1317 394 1350 et
420 1311 470 1350 de
489 1311 575 1350 eius
593 1310 714 1350 rebus
732 1311 855 1363 gestis
880 1311 990 1363 apud
1009 1310 1256 1350 Herodotum
1276 1312 1490 1361 rettulisse,
1519 1313 1627 1364 cogi-

156 1373 232 1412 tari
259 1388 422 1426 prorsus
450 1374 606 1425 nequit3
637 1373 724 1423 sed,
753 1387 843 1413 cum
873 1373 1121 1413 Chemmitae
1149 1373 1268 1413 deum
1295 1374 1494 1425 quendam
1523 1376 1627 1414 cole-

157 1443 258 1487 rent,
286 1437 356 1489 qui
384 1451 475 1476 cum
500 1432 747 1477 Graecorum
774 1436 921 1477 Perseo
950 1438 1169 1490 comparari
1196 1444 1332 1489 posset
1359 1436 1452 1488 (ἔστι
1480 1437 1627 1490 Χέμμις

156 1500 271 1543 πόλις.
319 1501 356 1539 ἐν
386 1501 502 1552 ταύτῃ
530 1506 576 1552 τῇ
603 1500 687 1539 πόλι
716 1500 791 1540 ἔστι
820 1500 983 1553 Περσέος
1014 1504 1078 1540 τοῦ
1106 1500 1250 1552 Δανάης
1279 1502 1351 1553 ἱρὸν
1372 1530 1382 1539 .
1404 1530 1414 1539 .
1436 1531 1445 1539 .
1466 1501 1564 1539 οὖτοι
1592 1503 1627 1540 οἱ

155 1563 340 1616 Χεμμῖται
368 1564 516 1614 λέγουσι
548 1562 608 1602 τὸν
639 1561 786 1615 Περσέα
814 1564 987 1606 πολλάκις
1020 1563 1088 1602 ἀνὰ
1120 1563 1184 1615 τὴν
1212 1566 1278 1615 γῆν
1307 1564 1506 1616 φαίνεσθαί
1530 1565 1624 1616 σφι),

155 1634 224 1667 aut
251 1628 483 1668 Herodotus
511 1628 597 1679 ipse
625 1627 725 1666 illud
751 1628 879 1677 finxit,
908 1633 954 1666 ut
980 1628 1154 1667 fabulam
1183 1627 1232 1666 de
1260 1626 1464 1680 Aegyptia
1489 1627 1626 1667 Persei

155 1692 307 1745 origine
335 1692 562 1741 illustraret,
591 1695 660 1730 aut
687 1696 779 1730 ante
807 1704 897 1730 eum
926 1691 1239 1743 mythographus
1268 1689 1426 1742 aliquis,
1455 1692 1540 1730 eius
1561 1692 1625 1730 ille

154 1755 316 1806 quidem
344 1755 502 1805 similis,
536 1755 606 1806 qui
634 1754 824 1794 Perseum
852 1755 1063 1807 Assyrium
1090 1760 1209 1807 gente
1236 1755 1358 1795 fuisse
1387 1761 1427 1794 et
1454 1755 1547 1795 inde
1576 1755 1625 1795 ad

154 1817 332 1857 Graecos
367 1818 597 1870 migravisse
631 1817 744 1856 dixit.
779 1817 859 1868 (VI
879 1819 930 1857 54
959 1820 1009 1860 ὡς
1044 1819 1063 1856 ὁ
1093 1817 1264 1869 Περσέων
1302 1817 1411 1868 λόγος
1446 1818 1625 1869 λέγεται).

153 1881 221 1921 Ad
257 1880 500 1921 Chemmites
543 1885 673 1920 autem
721 1881 970 1933 provocavit,
1018 1881 1353 1932 quemadmodum
1400 1881 1626 1922 sacerdotes

153 1945 376 1998 Aegyptios
404 1944 454 1985 de
483 1944 639 1984 Helena
667 1944 708 1983 in
733 1944 922 1997 Aegypto
950 1949 1130 1983 versante
1158 1944 1235 1983 sibi
1262 1945 1485 1985 narravisse
1513 1960 1623 1985 men-

154 2009 251 2048 titus
279 2014 352 2048 cst.

260 2111 348 2151 Nec
365 2125 459 2150 vero
479 2111 586 2150 solus
605 2109 834 2149 Herodotus
854 2109 927 2148 hac
945 2109 1096 2148 ratione
1123 2098 1166 2148 in
1185 2120 1329 2159 rerum,
1359 2122 1458 2161 quas
1479 2116 1623 2160 narrat,

152 2163 381 2214 auctoribus
399 2168 608 2212 laudandis
626 2186 723 2212 usus
748 2178 819 2221 est,
848 2172 931 2221 sed,
959 2167 1001 2210 id
1028 2172 1137 2222 quod
1155 2172 1304 2223 passim
1332 2172 1411 2211 iam
1439 2172 1623 2221 vidimus,

152 2237 268 2277 multi
295 2237 362 2276 alii
381 2236 592 2288 scriptores
610 2234 757 2276 Graeci
784 2249 902 2287 saepe
921 2235 1038 2287 plane
1067 2234 1118 2274 ad
1136 2234 1342 2274 arbitrium
1371 2234 1422 2274 ad
1444 2235 1623 2275 civitates

152 2300 329 2340 Graecas
346 2304 566 2352 gentesque
596 2298 781 2338 barbaras
809 2299 928 2350 ipsas,
956 2303 1001 2337 ut
1027 2298 1079 2337 ad
1106 2311 1286 2349 quosque
1314 2312 1378 2338 res
1405 2298 1621 2350 spectabat,

150 2367 481 2417 provocaverunt:

258 2437 473 2489 Thucyd.
497 2433 655 2476 1V120
688 2435 829 2488 Σκιώνη
866 2437 904 2475 ἐν
936 2438 983 2487 τῇ
1018 2436 1195 2488 Παλλήνῃ
1235 2435 1339 2478 πόλις
1380 2436 1516 2487 ἀπέστη
1565 2436 1618 2475 ὑπ’

145 2500 370 2553 Ἀθηναίων.
395 2521 397 2523 ·
426 2501 533 2553 φασὶ
565 2501 612 2538 δὲ
646 2501 686 2538 οἱ
719 2499 950 2538 Σκιωναῖοι
985 2498 1177 2551 Πελληνῆς
1210 2500 1275 2550 μὲν
1310 2498 1400 2537 εἶναι
1433 2499 1475 2537 ἐκ
1505 2499 1620 2538 Πελο-

149 2574 351 2616 ποννησου,
389 2564 565 2606 πλέοντας
597 2563 700 2602 δ’ἀπὸ
735 2562 868 2615 Τροίας
907 2565 1010 2615 σφῶν
1043 2562 1127 2605 τοὺς
1159 2563 1324 2615 πρώτους
1355 2563 1622 2614 κατενεχθῆναι

151 2628 190 2670 ἐς
218 2627 258 2666 τὸ
286 2626 420 2678 χωρίον
448 2629 551 2664 τοῦτο
579 2628 632 2678 τῷ
661 2629 815 2677 χειμῶνι
842 2623 875 2678 ᾧ
903 2626 1105 2678 ἐχρήσαντο
1130 2624 1292 2676 Ἀχαιοί.
