1844 2898
761 92 1024 130 -43-

158 196 317 236 stoteles
345 195 394 236 de
422 197 584 249 antique
604 197 851 237 Milesiorum
880 212 973 250 rege
1000 196 1154 236 Phabio
1183 202 1221 235 et
1241 196 1437 236 Cleobaea
1461 197 1626 235 scelesta

157 260 242 299 eius
271 274 394 299 uxore
424 261 489 311 (fr.
523 262 636 312 199);
672 261 861 300 Nicolaus
891 261 1162 300 Damascenus
1197 259 1245 298 de
1281 275 1371 313 rege
1405 260 1622 308 Laodama,

156 321 206 361 de
233 322 468 375 Amphitris-
483 323 709 376 tyrannide,
738 323 787 363 de
815 324 1009 376 Epimene
1038 324 1282 375 Aesymneta
1310 324 1373 370 (fr.
1404 325 1492 374 54);
1528 323 1623 361 Plu-

155 385 315 426 tarchus
343 386 391 426 de
419 386 522 426 bello
542 386 696 427 Biantis
725 393 851 426 aetate
880 388 983 426 inter
1001 387 1181 426 Milesios
1201 392 1240 425 et
1258 386 1493 425 Prienenses
1510 392 1622 439 gesto

155 449 254 501 (Qu.
285 449 356 489 Gr.
386 465 418 490 c.
450 452 537 502 20),
572 451 806 490 Heraclides
833 452 1042 500 Ponticus,
1077 452 1145 502 qui
1179 451 1353 489 narravit
1380 456 1488 488 motu
1518 450 1621 487 civili

155 511 326 565 primum
353 513 563 564 populares
591 513 846 564 optimatibus
875 514 1039 552 devictis
1066 519 1105 551 et
1130 513 1306 564 expulsis
1324 527 1459 550 eorum
1479 512 1622 549 liberos

156 576 195 615 in
224 577 327 615 areis
353 576 596 625 contrivisse,
625 576 766 615 divites
795 583 938 626 autem,
968 592 1056 616 cum
1086 591 1156 628 per
1183 577 1262 615 vim
1291 575 1496 624 redissent,
1525 589 1622 626 pau-

155 653 268 690 peres
297 639 469 690 piscatos
497 639 763 678 combussisse
792 640 873 690 (ap.
893 640 1039 677 Athen.
1060 640 1148 677 XII
1178 640 1257 677 523
1277 639 1341 688 F).
1390 639 1439 676 cf.
1470 637 1620 675 Herod.

154 701 194 740 V
213 702 264 741 28
294 700 457 753 Μίλητος
484 702 672 752 νοσήσασα
700 702 739 743 ἐς
762 702 806 740 τὰ
836 702 991 753 μάλιστα
1019 703 1133 741 στάσι.
1146 702 1178 752 1)

260 796 411 834 Eadem
445 795 561 845 ratio,
607 810 723 847 quam
767 810 856 835 cum
892 796 953 835 his
988 797 1156 848 Delphis
1191 796 1435 846 Milesiisque
1471 796 1620 844 habuit,

154 859 359 899 Herodoto
394 874 484 899 cum
521 859 654 899 Persis
682 860 931 912 Delphisque
964 860 1012 899 iis
1047 861 1287 910 intercessit,
1323 874 1422 911 quos
1455 860 1495 898 in
1532 874 1620 898 nar-

153 923 304 962 ratione
333 923 596 975 expeditionis
625 938 648 962 a
667 923 800 963 Persis
829 923 878 962 ad
907 937 1060 963 sacrum
1088 924 1327 975 Delphicum
1355 922 1621 974 diripiendum

152 987 279 1025 factae
314 986 462 1025 laudat.
518 986 664 1025 Narrat
704 1001 814 1026 »cum
850 987 1006 1026 barbari
1042 987 1092 1026 ad
1126 1001 1281 1026 sacrum
1313 987 1517 1025 Minervae
1552 985 1621 1023 ad-

152 1049 370 1099 venissent,
405 1050 571 1089 fulmina
604 1050 643 1088 in
673 1064 739 1089 eos
775 1051 877 1089 iacta
905 1056 945 1089 et
971 1050 1157 1089 Parnassi
1192 1050 1270 1089 duo
1300 1049 1503 1088 cacumina
1531 1062 1621 1087 cum

153 1112 320 1164 strepitu
355 1113 540 1152 devoluta
575 1114 719 1153 multos
755 1113 996 1153 interfecisse
1025 1119 1065 1152 et
1093 1128 1141 1153 ex
1168 1114 1315 1165 templo
1344 1114 1553 1151 clamorem
1582 1118 1622 1150 et

152 1176 324 1218 sonitum
358 1177 507 1216 editum
546 1192 631 1217 esse
673 1178 839 1228 illosque
875 1179 1102 1229 perterritos
1143 1178 1261 1229 fugae
1303 1191 1344 1216 se
1387 1176 1614 1215 mandasse«

240 1321 262 1360 ¹)
286 1322 420 1355 Praeter
441 1322 638 1355 Milesiorum
667 1322 797 1356 annales
825 1322 960 1355 aliarum
990 1324 1159 1356 civitatum
1181 1323 1368 1355 Jonicarum
1398 1322 1471 1354 fasti
1494 1322 1528 1353 in
1551 1321 1619 1353 fon-

151 1373 238 1405 tibus
261 1374 401 1413 suerunt,
424 1385 506 1416 quos
528 1375 561 1406 in
585 1374 725 1407 historiis
748 1375 988 1407 conscribendis
1010 1375 1197 1407 Herodotus
1220 1375 1313 1406 adiit:

237 1444 359 1478 Herod.
388 1445 465 1479 126
489 1444 616 1489 Κροῖσος
640 1445 803 1490 Ἑλλήκων
832 1447 974 1489 πρώτοισι
1001 1446 1172 1490 ἐπεθήκατο
1199 1444 1371 1490 Ἐφεσίοισι.
1424 1446 1497 1478 ἔνθα
1528 1447 1564 1490 δὴ
1594 1447 1620 1477 οἱ

149 1496 283 1540 Ἰ-’,φέσιοι
310 1499 554 1542 πολιορκεύμενοι
577 1501 617 1531 ὑπ
645 1500 737 1532 αὐτοῦ
766 1500 910 1532 ἀνέθεσαν
939 1502 994 1544 τὴν
1023 1500 1108 1531 πόλιν
1136 1504 1173 1543 τῆ
1195 1498 1366 1543 Ἀρτέμιδι,
1395 1500 1559 1542 ἐξάψαντες
1586 1500 1620 1530 ἐκ

151 1555 204 1583 τοῦ
227 1555 301 1595 νηοῦ
325 1553 452 1596 σχοινίον
476 1553 505 1588 ἐς
527 1553 562 1585 τὸ
585 1558 692 1597 τεῖχος,
730 1552 877 1585 Eandem
901 1564 968 1585 rem
983 1552 1167 1595 Polyaenus
1187 1554 1231 1585 ita
1247 1558 1373 1585 narrat:
1401 1564 1493 1584 »cum
1510 1552 1619 1590 turris,

150 1605 207 1646 qui
231 1605 379 1647 proditor
400 1606 631 1644 nominaretur,
655 1606 829 1638 corruisset
852 1611 884 1638 et
905 1607 970 1637 iam
992 1607 1024 1638 in
1049 1618 1086 1638 eo
1103 1611 1196 1646 esset,
1221 1612 1256 1639 ut
1272 1606 1379 1638 hostes
1395 1607 1618 1647 irrumperent,

150 1657 308 1699 Ephesios
331 1657 473 1690 Pindaro
495 1661 635 1700 tyranno
659 1662 790 1690 auctore
812 1658 853 1690 ab
879 1658 967 1690 urbis
993 1659 1094 1690 muris
1116 1659 1284 1700 portisque
1307 1669 1408 1700 usque
1431 1658 1472 1690 ad
1496 1657 1619 1689 Dianae

150 1710 260 1753 templi
288 1710 453 1743 columnas
481 1711 591 1743 sunem
618 1710 750 1744 duxisse
777 1715 875 1754 atque
902 1710 1057 1743 Croesum
1086 1711 1158 1743 urbi
1186 1712 1380 1753 pepercisse,
1417 1711 1510 1753 quasi
1540 1711 1619 1742 deae

150 1767 247 1801 esset,
278 1766 310 1795 et
337 1774 409 1795 cum
433 1763 582 1805 Ephesiis
608 1764 654 1795 ita
676 1763 790 1796 foedus
811 1764 938 1801 fecisse,
968 1768 1004 1796 ut
1030 1764 1070 1795 ab
1094 1764 1194 1805 ipsius
1217 1764 1351 1805 imperio
1375 1764 1468 1795 liberi
1490 1768 1616 1795 essent«

150 1815 208 1854 <VI
230 1817 296 1854 50).
341 1815 390 1849 Cf.
413 1816 544 1858 Fragm.
568 1815 641 1848 hist.
665 1815 780 1849 Graec.
805 1815 850 1848 IV
873 1817 936 1850 348
965 1817 1017 1854 (ex
1040 1815 1173 1849 Batonis
1197 1815 1383 1858 Sinopensis
1414 1817 1479 1859 περὶ
1502 1820 1564 1847 τῶν
1588 1817 1618 1847 ἐν

146 1867 270 1911 Ἐφέσῳ
293 1870 472 1914 τυράννων),
495 1870 569 1909 371,
593 1870 667 1902 406.

234 1940 343 1973 11139
378 1940 577 1985 Πολυκράτης
610 1942 696 1986 ἔσχε
730 1941 860 1983 Σάμον
890 1943 1124 1981 ἐπαναστάς,
1158 1944 1210 1973 καὶ
1244 1944 1281 1973 τὰ
1311 1944 1365 1983 μὲν
1394 1947 1501 1984 πρῶτα
1530 1947 1617 1985 τριχῆ

149 1995 318 2035 δασάμενος
341 1995 396 2038 τὴν
418 1993 505 2026 πόλιν
527 1999 601 2026 τοῖσι
616 1994 786 2037 ἀδελφεοῖσι
803 1993 1016 2037 Πανταγνώτῳ
1032 1996 1084 2027 καὶ
1100 1995 1274 2027 Συλοσῶντι
1290 1996 1397 2036 ἔνειμε.
1440 1994 1619 2036 Polyaenus

149 2051 260 2079 narrat
283 2046 311 2084 (I
326 2047 378 2085 23,
401 2047 433 2084 2)
458 2046 639 2088 Polycratis
664 2047 778 2079 fratres
801 2047 1042 2090 Pantagnotum
1064 2052 1096 2079 et
1112 2047 1313 2088 Sylosontem
1338 2059 1409 2079 cum
1434 2048 1544 2089 paucis
1567 2059 1617 2079 so-

147 2099 203 2130 ciis
227 2098 348 2130 nobiles
371 2097 511 2138 Samios,
540 2099 614 2130 dum
639 2099 681 2131 ad
703 2111 791 2131 aram
816 2100 884 2132 sine
908 2100 1005 2132 armis
1028 2100 1262 2139 sacrificarent,
1295 2100 1473 2139 necavisse,
1497 2101 1618 2132 interea

147 2151 237 2184 illum
261 2162 366 2184 arcem
391 2152 610 2194 occupavisse.

235 2218 282 2250 111
301 2220 360 2251 125
384 2219 563 2254 ἀποκτείνας
579 2219 611 2250 δέ
628 2231 677 2260 μιν
694 2219 749 2251 οὐκ
773 2219 863 2256 ἀξίως
879 2220 1044 2263 ἀπηγήσιος
1056 2217 1197 2263 Ὀροίτης
1213 2220 1431 2263 ἀνεσταΰρωσε.
1470 2220 1616 2261 Fulgent.

150 2283 221 2305 voc.
244 2272 367 2315 antiqu.
384 2272 568 2314 interpret:
591 2273 791 2315 sandapilam
806 2273 931 2315 antiqui
944 2273 1009 2305 dici
1021 2274 1187 2305 voluerunt
1199 2274 1347 2310 feretrum
1361 2278 1572 2305 mortuorum.
1587 2297 1593 2304 .
1609 2297 1615 2304 .

145 2326 227 2358 sicat
256 2324 535 2358 Stesimbrotus
573 2325 734 2358 Thasius
773 2327 817 2358 de
849 2330 970 2358 morte
1002 2325 1223 2368 Polycratis
1263 2325 1481 2358 Samiorum
1515 2326 1617 2366 reyis

144 2378 310 2420 act-ipsit
330 2378 450 2410 dicens.-
475 2382 682 2420 posteaquam
704 2379 743 2410 de
766 2389 857 2411 eruce
879 2379 1035 2420 depositas
1057 2379 1226 2420 sandapila
1249 2380 1339 2411 ettam
1361 2380 1541 2420 deportatus
1564 2383 1615 2409 est.

232 2449 278 2482 VI
298 2451 339 2483 37
369 2461 409 2493 sq
442 2450 482 2482 de
515 2450 768 2484 dissensionibus
803 2450 918 2491 refert,
953 2461 1034 2494 quas
1062 2450 1245 2489 Philaidae,
1279 2462 1352 2483 cum
1380 2450 1616 2483 Chersonesum

145 2502 317 2535 Thraciam
340 2507 560 2544 occupassent,
585 2514 658 2535 cum
681 2503 795 2535 vicinis
810 2503 1040 2544 Lampsacenis
1063 2504 1274 2542 exercuerint,
1297 2503 1444 2535 Charone
1460 2503 1616 2544 Lampsa-

144 2566 223 2588 ceno
262 2554 331 2587 sine
363 2555 463 2588 dubio
498 2560 629 2588 auctore
665 2567 743 2589 usus
777 2558 821 2595 (v.
846 2567 877 2598 p.
902 2558 946 2594 8).
1004 2556 1160 2589 Chiorum
1194 2556 1322 2588 annales
1356 2556 1495 2598 inspexit
1527 2556 1539 2588 I
1569 2557 1615 2594 18,

144 2608 190 2641 VI
216 2609 264 2648 15,
289 2610 329 2642 2ss
352 2608 518 2641 occasione
541 2608 619 2641 data
641 2608 797 2643 Chiorum
819 2620 871 2642 res
893 2620 1085 2643 memorans.
