1844 2898
783 92 1046 130 ...46—

174 197 414 249 inspexerit:
456 198 477 236 I
507 199 558 238 69
596 199 688 237 αὐτὰ
715 199 759 237 τὰ
787 199 884 251 παρὰ
912 202 986 241 τοῖς
1013 200 1147 251 ἱερεῦσι
1179 202 1253 240 τοῖς
1283 198 1364 238 κατ’
1398 198 1577 250 Αἴγυπτον
1612 198 1649 237 ἐν

172 264 251 303 ταῖς
278 262 503 314 ἀναγραφαῖς
531 262 765 314 γεγραμμένα
795 262 1049 314 ἐκθησόμεθα.
1104 261 1123 302 I
1151 263 1203 302 46
1236 263 1279 301 οἱ
1313 263 1454 315 ἱερεῖς
1482 262 1649 316 ἔφασαν

175 325 221 362 ἐκ
250 328 331 363 τῶν
361 326 622 378 ἀναγραφῶν
653 326 871 378 εὑρίσκειν
893 355 902 364 .
924 355 934 365 .
956 354 965 364 .
1022 327 1043 365 1
1073 328 1124 365 96
1153 327 1188 364 οἱ
1217 327 1324 378 ἱερεῖς
1350 329 1421 366 τῶν
1443 325 1648 377 Αἰγυπτίων

173 387 370 439 ἱστοροῦσιν
413 388 454 427 ἐκ
493 391 563 427 τῶν
598 388 816 441 ἀναγραφῶν
851 391 921 427 τῶν
963 388 1000 427 ἐν
1034 391 1110 431 ταῖς
1144 389 1255 441 ἱεραῖς
1290 389 1446 442 βίβλοιςε
1499 387 1648 428 Euseb.

173 466 231 502 pr.
253 465 313 491 ev.
342 451 409 490 III
435 453 568 491 288A
604 453 737 503 γράφει
771 453 852 503 περὶ
884 453 1021 491 τούτων
1055 452 1275 505 πλατύτερον
1310 453 1376 504 μὲν
1413 454 1432 491 ὁ
1466 451 1650 494 Μανέθως

174 514 470 566 ἐπιτετμημένως
498 516 539 554 δὲ
570 516 589 554 ὁ
618 514 813 568 Διόδωρος.

282 599 431 637 Herod.
461 599 505 637 II
539 600 612 638 126
657 600 695 641 ἐς
736 603 839 637 τοῦτο
885 600 1004 638 ἐλθεῖν
1043 599 1175 639 Χέοπα
1216 600 1431 652 κακότητος>
1455 601 1550 639 ὥστε
1585 600 1648 651 τὴν

174 662 358 714 θυγατέρα
399 663 594 701 κατίσαντα
634 662 689 700 ἐπ’
736 663 935 714 οἰκήματος
975 664 1170 715 προστάξαι
1210 664 1440 716 πρήσσεσθαι
1482 664 1647 716 ἀργύριον

174 727 350 776 ὁκοσονδή
381 741 425 764 τι.
490 726 542 764 οὐ
578 726 655 777 γὰρ
693 727 744 776 δὴ
780 726 910 765 τοῦτό
946 741 994 777 γε
1024 725 1197 777 ἔλεγον.
1254 727 1302 766 cf.
1333 727 1395 766 VI
1429 728 1502 766 118
1543 727 1649 769 Δᾶτις

172 789 209 826 ἐν
241 788 403 841 Μυκόνῳ
441 789 517 828 εἶδε
556 788 634 841 ὄψιν
673 790 709 827 ἐν
747 794 799 841 τῷ
838 790 949 841 ὕπνῳ.
1013 791 1076 829 καὶ
1110 791 1188 841 ἥτις
1224 791 1289 842 μὲν
1323 790 1366 842 ἦν
1401 792 1424 841 ἡ
1459 790 1556 843 ὄψις,
1598 791 1648 829 οὐ

170 852 368 902 λέγεται.
425 852 533 891 VIII
559 853 635 891 133
666 852 718 890 ὅτι
749 851 973 905 βουλόμενος
1002 853 1175 904 ἐκμαθεῖν
1203 854 1292 905 πρὸς
1319 856 1390 892 τῶν
1418 854 1647 906 χρηστηρίων

170 919 283 953 ταῦτα
306 915 529 962 ἐνετέλλετο,
559 915 641 953 οὐκ
671 914 763 966 ἔχω
789 916 973 967 φράσαι,
1002 916 1052 954 οὐ
1071 916 1150 968 γὰρ
1170 917 1220 954 ὧν
1240 916 1429 967 λέγεται.
1447 940 1496 945 -—
1512 917 1556 955 II
1571 919 1642 956 101

169 982 239 1017 τῶν
278 980 319 1017 δὲ
357 979 477 1017 ἄλλων
517 979 717 1032 βασιλέων,
754 979 803 1017 οὐ
837 979 904 1031 γὰρ
935 978 1091 1030 ἔλεγον
1120 980 1292 1032 οὐδεμίαν
1322 979 1436 1032 ἔργων
1466 980 1646 1028 ἀπόδεξιν,

169 1043 248 1081 κατ’
282 1043 390 1081 οὐδὲν
421 1043 513 1080 εἶναι
543 1042 811 1094 λαμπρότητος,
839 1043 932 1092 πλὴν
961 1044 1040 1085 ἑνὸς
1068 1046 1131 1081 τοῦ
1161 1044 1319 1095 ἐσχάτου
1339 1044 1457 1082 αὐτῶν
1478 1043 1647 1095 Μοίριοςε

169 1105 267 1143 nibil
296 1105 345 1143 de
374 1106 423 1144 iis
452 1110 609 1156 praeter
636 1105 798 1143 nomina
827 1106 1038 1143 memoriae
1062 1106 1265 1157 proditum
1286 1111 1382 1155 erat,
1411 1106 1508 1145 nihil
1527 1106 1649 1158 igitur

169 1168 394 1221 Aegyptios
423 1168 472 1207 de
500 1168 551 1207 iis
579 1168 800 1207 narravisse
828 1169 1010 1220 sumpsit.

279 1257 413 1295 Libris
461 1257 720 1308 scriptorum,
771 1256 838 1307 qui
881 1262 971 1295 ante
1013 1270 1104 1295 eum
1146 1257 1333 1295 historiae
1375 1258 1648 1309 Aegyptiacae

169 1335 329 1371 operam
359 1320 568 1368 dederunt,
598 1319 850 1359 Herodotum
880 1334 996 1359 usum
1025 1334 1125 1370 esse,
1154 1335 1201 1359 ea
1218 1334 1392 1371 quoque,
1420 1334 1522 1371 quae
1541 1319 1647 1372 apud

167 1384 406 1435 posteriores
434 1383 649 1434 scriptores
677 1388 850 1431 exstant,
886 1383 1113 1421 testimonio
1142 1388 1247 1422 sunt.
1302 1382 1533 1422 Herodotus
1560 1383 1648 1421 bre-

167 1447 269 1485 viter
302 1446 455 1495 scribit,
497 1445 833 1484 Psammetichum
869 1451 1024 1484 ceteros
1058 1459 1171 1498 reges
1205 1445 1416 1484 devicisse:
1462 1446 1537 1483 152
1571 1445 1647 1496 ἅμα

167 1514 257 1548 τοῖσι
300 1510 554 1562 βουλομένοισι
589 1508 816 1559 Αἰγυπτίοισι
858 1510 920 1547 καὶ
960 1512 1050 1547 τοῖσι
1092 1509 1311 1561 ἐπικούροισι
1348 1508 1532 1560 καταιρέει
1565 1507 1648 1549 τοὺς

169 1573 355 1625 βασιλέας.
420 1572 626 1611 Diodorus
660 1576 790 1616 autem
827 1571 920 1620 scit,
964 1571 1071 1623 apud
1105 1571 1395 1623 Momemphim
1433 1571 1522 1610 illos
1555 1584 1647 1622 pro-

167 1636 326 1687 fligatos
355 1650 440 1675 esse
470 1636 508 1686 (I
529 1637 620 1687 66),
657 1641 776 1686 atque
807 1633 950 1674 Strabo
978 1635 1117 1685 tradit,
1151 1635 1401 1674 Milesiorum
1430 1649 1550 1674 naves
1577 1634 1647 1673 tri-

167 1700 278 1751 ginta
307 1699 601 1738 Psammeticho
636 1698 783 1737 auxilio
818 1698 959 1737 missas
992 1698 1174 1748 Inarum,
1209 1712 1332 1737 unum
1367 1712 1415 1736 ex
1444 1697 1647 1736 Psamme-

166 1763 260 1801 tichi
291 1763 540 1811 adversariis,
569 1763 711 1801 vicisse
741 1763 797 1813 (p.
821 1763 935 1812 801);
965 1762 1069 1801 idem
1097 1761 1300 1800 Diodorus
1328 1766 1462 1800 narrat
1479 1761 1646 1812 Apriem

167 1826 343 1863 exercitu
372 1825 521 1876 optime
542 1825 736 1863 instructo
756 1823 1003 1862 Phoenicum
1025 1823 1344 1875 Cypriorumque
1364 1837 1476 1874 reges
1494 1823 1646 1876 ingenti

168 1888 317 1940 proelio
346 1889 475 1928 navali
505 1902 727 1940 superasse,
757 1886 948 1926 Sidonem
977 1888 1016 1926 vi
1041 1888 1206 1939 cepisse,
1235 1887 1312 1926 alia
1331 1886 1479 1939 oppida
1496 1892 1646 1926 terrore

165 1966 436 2002 expugnasse,
479 1951 623 1989 deinde
666 1965 811 2002 magna
851 1950 1000 2001 praeda
1040 1951 1146 1988 facta
1178 1950 1354 1988 rediisse.
1416 1949 1646 1988 Herodotus

166 2014 263 2053 haec
302 2015 351 2053 de
381 2015 507 2067 Aprie
541 2014 680 2053 habet:
727 2014 772 2053 II
805 2015 876 2053 161
911 2012 1056 2066 Ἀπρίης
1092 2013 1148 2053 ἐπ’
1180 2012 1265 2053 ἔτεα
1298 2012 1406 2053 πέντε
1438 2013 1500 2052 καὶ
1534 2011 1646 2051 εἴκοσι

165 2078 291 2129 ἄρξας,
335 2079 371 2115 ἐν
407 2081 497 2116 τοῖσι
541 2078 599 2115 ἐπι
635 2092 674 2115 τε
709 2077 853 2115 Σιδῶνα
896 2078 1045 2128 στρατὸν
1079 2076 1196 2127 ἤλασε
1231 2077 1293 2114 καὶ
1327 2076 1565 2127 ἐναυμάχησε
1593 2080 1645 2127 τῷ

165 2140 301 2192 Τυρίῳ.
339 2164 388 2169 -
423 2140 661 2179 Aristoteles
698 2139 747 2178 de
776 2139 917 2178 Amasi
951 2145 1103 2189 narrat,
1139 2138 1247 2191 quod
1282 2138 1388 2177 idem
1416 2137 1646 2177 Herodotus

163 2204 300 2253 (Polit.
332 2204 352 2241 I
385 2205 445 2252 12,
480 2204 594 2252 1259,
624 2202 775 2241 Herod.
804 2202 848 2241 II
881 2203 988 2253 172),
1017 2202 1067 2241 de
1096 2201 1268 2241 Sesostri
1296 2216 1390 2240 vero
1418 2201 1525 2252 quod
1555 2216 1645 2253 pro-

163 2268 241 2305 fert
268 2266 405 2316 (Polit.
435 2266 498 2305 IV
530 2267 592 2315 10,
626 2266 759 2316 1329),
793 2265 900 2317 apud
930 2265 1181 2305 Herodotum
1209 2279 1289 2304 non
1316 2264 1503 2318 legimus;
1540 2264 1645 2303 Plin.

164 2332 229 2379 37,
253 2332 289 2379 5,
318 2333 375 2369 19:
401 2330 744 2381 Theophrastus
764 2330 885 2368 tradit
901 2330 948 2367 in
963 2330 1292 2381 Aeqyptiorum
1310 2330 1648 2368 commentariis

163 2397 383 2446 reperiri,
413 2407 544 2432 eorum
563 2395 647 2445 reyi
673 2408 698 2430 a
725 2406 811 2444 φερε
836 2393 1048 2442 Babylonio
1070 2394 1321 2444 amoraqdum
1340 2399 1523 2444 quattuor
1541 2393 1645 2430 cubi-

165 2466 289 2497 torum
319 2459 557 2510 Ionqitudine
577 2459 733 2496 mimum
752 2471 827 2495 esse
853 2456 1023 2507 (Herod.
1044 2456 1240 2507 κατέλεγον
1256 2456 1290 2494 οἱ
1306 2455 1401 2508 ἱρέες
1421 2455 1462 2494 ἐκ
1483 2455 1642 2508 βίβλου).

271 2541 335 2578 Ita
372 2539 604 2578 Herodotus
647 2539 731 2590 agit
772 2539 812 2577 iu
852 2539 1077 2577 narratione
1118 2538 1167 2577 de
1202 2537 1360 2590 Cyrene
1397 2552 1421 2575 a
1456 2537 1645 2576 'Pheraeis

164 2603 282 2641 Batto
311 2603 412 2641 duce
441 2602 603 2641 condita
631 2608 670 2640 et
698 2601 746 2640 de
776 2602 884 2640 Batti
913 2602 1066 2654 origine
1095 2600 1435 2640 Lacedaemonia:
