1844 2898
755 103 1020 143 —57-

256 209 279 248 I
298 211 336 259 4,
355 211 400 247 21
430 208 665 260 Ἀθηναῖοί
687 223 817 263 φασιν
841 208 1036 260 Ἀντιόπην
1063 210 1132 246 ὑπὸ
1154 207 1367 249 Μολπαδίας
1388 209 1615 257 τοξευθῆναι,

153 271 365 311 Μολπαδίαν
394 273 436 311 δὲ
464 272 657 312 ἀποθανεῖν
687 274 756 313 ὑπὸ
784 272 948 325 Θησέως.

257 353 279 393 Ι
300 353 337 404 8,
358 355 381 392 2
416 352 579 396 Καλλίας
605 354 694 406 πρὸς
718 353 832 406 Ἀρτα
852 353 976 406 Εέρξην
997 351 1273 403 τοῖςἿΞλλησιν,
1304 355 1353 394 ὡς
1367 351 1613 402 Ἀθηναίων

148 417 189 455 οἱ
215 416 367 455 πολλοὶ
394 416 615 467 λέγουσιν,
644 415 774 469 ἔπραξε
800 418 864 469 τὴν
892 418 1050 470 εἰρήνην.

256 498 277 537 Ι
293 498 358 547 23,
379 499 402 536 3
431 497 551 536 refert
577 497 846 549 Mycalessum
873 497 1066 550 oppidum
1095 513 1118 536 a
1141 497 1360 548 Diotrephe
1380 497 1616 535 Atheniensi

148 560 312 611 eiusque
332 559 611 599 mercennariis
625 559 806 600 Thraciis
825 560 1072 600 devastatum
1092 574 1178 600 esse
1197 560 1342 610 (Thuc.
1360 560 1441 599 VII
1459 562 1508 599 29
1525 560 1615 609 sq.),

150 622 268 662 ὁπόσα
296 623 499 674 λέγουσιν
523 622 766 675 Ἀθηναῖοι.

254 712 400 762 11124,
421 714 445 751 3
473 713 508 750 οἱ
535 713 579 750 θὲ
613 712 798 764 ἄνθρωποι
825 712 1097 762 (Brasiatas
1126 712 1267 762 dicit)
1294 713 1515 761 λέγουσιν,
1543 712 1613 749 οὐ·

146 775 265 815 δέσιν
301 776 618 827 ὁμολογοῦντες
642 774 869 827 ἽΞλλησιν,
912 777 962 817 ὡς
996 775 1140 827 Σεμέλη
1185 775 1283 813 τέκοι
1325 776 1384 813 τὸν
1426 776 1538 813 παῖδα
1573 775 1614 812 ἐκ

146 838 242 881 Διός.
300 840 396 890 §4:
441 838 680 891 Βρασιᾶται
717 840 819 878 τάδε
864 838 1160 889 ἐπιλέγουσιν,
1211 838 1285 877 Ἰνώ
1312 851 1428 890 σφισιν
1472 839 1510 879 ἐς
1550 839 1613 888 τὴν

145 903 271 954 χώραν
301 902 498 955 ἀφικέσθαι
525 902 777 954 πλανωμένην.

253 981 337 1020 VII
358 984 395 1031 2,
416 985 439 1021 5
483 981 693 1033 Μιλήσιοι
730 982 852 1020 αὐτοὶ
884 983 1005 1020 τοιάδε
1039 981 1082 1020 τὰ
1117 981 1341 1033 ἀρχαιότατά
1374 994 1491 1033 σφισιν
1525 980 1615 1019 εἶναι

146 1043 364 1095 λέγουσιν.

250 1124 357 1163 VIII
382 1127 442 1174 10,
463 1128 487 1165 9
517 1124 671 1177 ᾄδεται
700 1125 779 1163 ὑπὸ
804 1124 1056 1176 Ἀθηναίων
1086 1127 1136 1166 ὡς
1164 1125 1247 1163 θεοί
1272 1137 1390 1176 σφισιν
1421 1124 1457 1162 ἐν
1488 1123 1613 1175 Μαρα-

145 1189 234 1226 θῶνι
261 1189 323 1227 καὶ
351 1189 388 1226 ἐν
417 1188 595 1240 Σαλαμῖνι
621 1191 684 1226 τοῦ
713 1186 820 1239 ἔργου
850 1189 1077 1240 μετάσχοιεν.

249 1268 334 1307 VII
356 1270 420 1318 54,
447 1269 470 1306 6
506 1268 704 1318 Φιὸιππίδῃ
747 1271 902 1319 φανῆναι
943 1268 1003 1306 τὸν
1042 1267 1144 1306 Πᾶνα
1187 1269 1248 1305 καὶ
1290 1267 1399 1305 εἰπεῖν
1442 1267 1487 1305 τὰ
1527 1267 1614 1317 πρὸς

143 1331 250 1370 αὐτὸν
274 1330 513 1382 Ἀθηναῖοι
541 1346 587 1369 τε
616 1332 690 1369 καὶ
720 1331 830 1369 κατὰ
859 1330 1000 1369 ταύτὰ
1029 1329 1248 1381 Τεγεᾶται
1276 1330 1497 1380 λέγουσιν.

248 1425 314 1464 111
339 1428 400 1474 19,
423 1427 467 1463 11
509 1425 552 1463 ὃν
587 1424 689 1462 οἶδα
721 1423 927 1474 λέγοντας
961 1423 1272 1476 Κροτωνιάτας
1304 1425 1400 1475 περὶ
1429 1422 1613 1473 Ἑλένης

141 1489 295 1540 λόγον,
334 1490 671 1540 ὁμολογοῦντας
700 1487 747 1526 δέ
778 1500 899 1540 σφισι
934 1487 1308 1540 καὶῚμεραίους,
1345 1487 1610 1538 ἐπιμνησθήσο-

141 1568 205 1603 μαι
231 1554 293 1591 καὶ
321 1554 440 1591 τοῦδε.

246 1641 289 1680 II
315 1642 352 1691 5,
375 1642 398 1680 2
434 1638 652 1680 Φλιάσιοι
693 1641 798 1693 φασὶ
840 1639 908 1691 (de
936 1641 1076 1692 Asopo
1110 1640 1250 1690 fluvio)
1276 1670 1284 1678 .
1307 1668 1317 1678 .
1341 1669 1349 1677 .
1372 1669 1380 1677 .
1416 1639 1611 1691 Θηβαῖοι

139 1705 222 1757 οὐχ
251 1706 529 1756 ὁμολογοῦσι
553 1732 563 1742 .
585 1734 594 1742 .
616 1733 625 1741 .
648 1734 656 1743 .
686 1704 730 1743 τὰ
759 1705 799 1743 δὲ
829 1704 924 1742 ἄλλα
953 1705 991 1746 ἐς
1018 1706 1077 1743 τὸν
1105 1706 1265 1755 ποταμὸν
1295 1705 1505 1742 Φλιάσιοι
1539 1703 1611 1740 καὶ

139 1768 383 1806 Σικυώνιοι
410 1767 634 1818 λέγουσιν.

246 1848 366 1899 V‘25,
389 1849 436 1887 12
466 1848 635 1899 ἥκουσα
664 1849 708 1887 ἐν
738 1848 872 1901 Θάσῳ
895 1878 904 1887 .
927 1877 936 1886 .
958 1877 967 1887 .
990 1879 998 1887 .
1029 1863 1063 1887 v.
1085 1864 1124 1900 p.
1147 1850 1209 1888 35.

246 1929 535 1968 Philostrat.
565 1929 634 1967 vit.
664 1928 775 1980 soph.
806 1929 850 1967 II
871 1930 934 1978 29,
960 1931 998 1967 l:
1034 1930 1092 1966 τὸν
1117 1928 1348 1981 Ἀριστείδην
1374 1928 1610 1980 Ἀθηναῖοι

138 1992 301 2044 ᾄδουσι
330 1992 421 2043 μετὰ
449 1993 513 2043 τὴν
544 1993 697 2034 ἐπίταξιν
727 1995 797 2030 τῶν
827 1992 950 2045 φόρων
982 1993 1192 2031 ἐπανελθεῖν
1223 2006 1340 2044 σφισιν
1372 1993 1409 2031 ἐν
1439 1998 1491 2045 τῷ
1526 2008 1609 2044 προ-

137 2055 233 2108 τέρῳ
261 2056 416 2109 τρίβωνι.

244 2151 281 2174 v.
305 2136 439 2187 Apoll.
459 2136 526 2175 III
550 2137 601 2175 49
641 2136 668 2173 ἅ
701 2136 727 2174 δ’
762 2135 1003 2186 Αἰγύπτιοι
1043 2138 1123 2188 περὶ
1158 2136 1271 2175 αὐτοῦ
1312 2137 1497 2188 ᾄδουσιν
1542 2137 1609 2187 (de

138 2199 339 2239 Phoenice
359 2201 449 2250 ave)
469 2202 519 2242 ὡς
539 2200 577 2241 ἐς
598 2198 777 2249 Αἴγυπτον
798 2199 960 2251 φέρεται,
988 2201 1062 2238 καὶ
1084 2200 1214 2239 Ἰνδοὶ
1233 2201 1606 2253 Ευμμαρτυροῦσι.

244 2273 478 2313 Athenae.
506 2272 591 2312 XV
615 2273 693 2312 680
720 2272 755 2311 B
791 2272 969 2323 λέγεται
1012 2275 1150 2325 μῦθος
1191 2276 1271 2313 ὑπὸ
1316 2278 1397 2314 τῶν
1440 2274 1607 2324 Αἰγυπ-

136 2338 257 2387 τίων,
288 2337 341 2375 ὅτι
369 2338 403 2375 οἱ
433 2336 606 2379 Αἰθίοπες
635 2335 868 2387 στελλόμενοι
898 2337 966 2375 ὑπὸ
995 2341 1059 2376 τοῦ
1080 2337 1244 2377 Τιθωνοῦ
1272 2339 1325 2380 εἰς
1354 2338 1481 2390 Τροίαν
1503 2367 1512 2376 .
1535 2367 1544 2376 .
1567 2368 1575 2376 .
1599 2368 1607 2376 .

242 2415 376 2454 Etiam
404 2415 512 2467 apud
540 2416 752 2467 scriptores
779 2415 946 2455 Latinos
981 2417 1022 2455 in
1051 2416 1278 2457 huiusmodi
1307 2418 1412 2456 locos
1441 2417 1607 2455 incurri·

136 2492 235 2518 mus.
293 2478 391 2518 Cic.
416 2493 455 2531 p.
484 2478 606 2518 Arch.
629 2479 676 2517 8:
717 2478 926 2517 Homerum
964 2480 1191 2532 Colophonii
1223 2482 1338 2518 civem
1369 2494 1443 2518 esse
1478 2482 1611 2519 dicunt

133 2556 263 2591 cuum,
301 2543 390 2582 (Jhii
418 2557 530 2581 enum
561 2544 777 2590 vindicant,
817 2541 1028 2581 Salaminii
1057 2551 1245 2594 repetunt,
1286 2543 1492 2594 Smyrnaei
1522 2554 1608 2582 vero

134 2618 246 2644 ouum
273 2619 348 2644 ecee
375 2606 612 2656 confirmant,
