1844 2898
301 178 404 216 Item
433 175 732 215 concedendum
761 182 840 225 est,
878 177 1115 227 scriptorum
1144 176 1390 215 narrationes
1419 176 1670 215 Herodotum

194 241 402 293 respicere,
432 238 501 278 ubi
521 239 562 278 in
582 239 810 278 universum
831 238 927 277 dicit
953 238 1165 277 narrari:
1194 238 1354 289 λέγεται,
1384 239 1545 290 λέγουσι,
1565 239 1675 291 φασί,

194 304 303 354 λόγος
340 303 434 351 ἐστί,
472 302 582 352 λόγος
618 302 783 351 λέγεται;
824 302 964 340 iisdem
1003 302 1105 354 enim
1135 301 1266 340 verbis
1295 316 1431 341 omnes
1460 303 1671 353 scriptores

194 366 390 418 Graecos,
435 365 504 418 qui
540 379 588 404 ex
625 364 792 404 aliorum
830 364 941 404 libris
980 378 1051 404 sua
1084 364 1319 416 hauserunt,
1362 365 1593 419 saepissime
1621 364 1670 405 ad

192 439 324 470 rerum
355 432 403 470 ab
432 431 530 482 ipsis
558 435 804 469 narratarum
834 435 1015 468 auctores
1045 443 1279 481 provocasse
1309 445 1425 469 nemo
1445 431 1587 477 nescit3
1617 431 1672 468 ita

195 495 333 534 Latini
354 493 560 532 dixerunt:
592 492 743 542 dicunt,
762 492 937 541 tradunt,
957 493 1101 542 ferunt,
1122 492 1279 542 dicitur,
1307 493 1494 533 dicuntur
1513 499 1551 532 et
1569 506 1670 544 quae

195 564 287 597 sunt
323 557 488 604 similia,
533 556 588 594 ita
625 557 747 594 nostri
786 557 997 607 scriptores
1034 562 1072 594 et
1108 557 1185 607 ipsi
1218 557 1415 606 historic-i,
1458 557 1551 595 dum
1587 563 1669 596 tota

195 635 328 659 eorum
367 620 539 658 narratio
574 620 615 657 in
652 619 887 669 antiquioris
924 619 1131 657 cuiusdam
1176 620 1399 658 narratione
1433 620 1563 671 posita
1597 625 1670 668 est,

195 684 409 724 sescenties
447 682 646 721 scribunt:
691 697 782 721 man
820 688 927 734 sagt,
968 698 1057 722 man
1096 683 1267 732 erzahlt‚
1303 698 1345 722 es
1374 682 1475 722 wird
1509 682 1670 732 erzahlt‚

193 747 364 786 dariiber
403 745 503 785 wird
539 745 725 797 folgende
761 744 1002 784 Geschichte
1040 745 1206 795 erzsthlt,
1250 746 1300 784 da
1337 746 1409 785 soll
1448 760 1489 784 er
1531 751 1672 798 gesagt

192 812 344 861 haben,
378 811 690 863 plerumque,
721 816 771 848 ut
790 816 833 848 et
855 810 960 861 ipse
981 810 1284 860 Herodotus,
1313 810 1457 850 rebus
1478 810 1671 862 aliquo-

193 875 330 913 modo
360 874 496 912 miris
526 880 572 911 et
599 879 795 911 tant-um
826 888 918 912 non
948 874 1286 913 credibilibus
1321 874 1538 925 proditis
1565 874 1671 912 Ecce.

192 938 384 978 nonnulla
412 938 613 990 exempla:

299 1021 319 1058 I
343 1021 417 1058 152
455 1020 574 1057 refert
611 1018 956 1056 Lacedaemonios
985 1019 1092 1069 Cyro
1120 1019 1294 1058 sonibus
1329 1020 1477 1059 bellum
1514 1021 1671 1059 illaturo

192 1084 414 1133 nuntiasse,
450 1083 600 1122 civitati
630 1097 671 1122 se
705 1080 883 1122 Graecae
913 1082 1098 1122 iniuriam
1127 1083 1214 1123 fieri
1241 1098 1428 1135 passuros
1457 1099 1536 1124 non
1572 1099 1669 1125 esse.

191 1148 212 1185 I
239 1148 311 1185 153
342 1150 455 1184 ταῦτα
484 1145 648 1186 εἰπόντος
676 1148 738 1183 τοῦ
764 1147 936 1196 κήρυκος,
966 1146 1156 1194 λέγεται
1177 1146 1294 1197 Κῦρον
1325 1148 1551 1198 ἐπείρεσῦαι,
1580 1149 1672 1189 τίνες

193 1210 316 1253 ἐόντες
345 1209 529 1262 ἅνθρωποι
558 1208 838 1260 Λακεδαιμόνιοι
867 1211 979 1247 ταῦτα
1008 1210 1136 1262 ἑωυτῷ
1164 1210 1471 1263 προαγορεύουσις
1501 1225 1670 1264 cumque

189 1275 467 1326 comperisset,
497 1273 750 1325 respondisse
780 1287 891 1321 eum,
921 1287 962 1312 se
992 1288 1059 1313 eos
1088 1274 1268 1313 homines
1298 1289 1377 1313 non
1405 1275 1565 1324 timere,
1600 1275 1669 1326 qui

189 1339 229 1376 in
260 1339 391 1376 locum
422 1338 462 1376 in
493 1336 624 1375 medio
654 1336 809 1388 oppido*
832 1337 951 1375 situm
982 1331 1240 1376 convenirent
1274 1343 1313 1376 et
1347 1338 1450 1376 inter
1485 1352 1526 1377 se
1563 1337 1668 1376 deci-

189 1408 349 1454 perent3
379 1402 449 1441 sed
478 1416 519 1441 se
550 1401 782 1440 effecturum
812 1416 911 1450 esse,
941 1407 985 1440 ut
1004 1402 1313 1442 Lacedaemonii
1342 1417 1421 1441 non
1450 1402 1668 1442 alienorum

189 1466 258 1505 sed
288 1480 400 1505 suam
431 1465 697 1504 calamitatem
728 1465 949 1504 miseraturi
978 1471 1123 1504 essent.

297 1555 340 1593 II
362 1556 412 1594 30
442 1560 594 1603 narrat,
630 1569 720 1593 cum
759 1569 904 1606 magna
931 1556 1225 1606 Aegyptiorum
1260 1570 1352 1607 pars
1387 1556 1668 1609 Psammetichi

190 1618 330 1656 castris
359 1617 526 1656 desertis
555 1617 596 1655 in
617 1617 874 1669 Aethiopiam
903 1616 1124 1667 decederet,
1153 1618 1264 1657 illum
1293 1633 1361 1657 eos
1390 1633 1461 1671 per
1484 1619 1668 1658 mulieres

192 1688 232 1720 et
259 1681 406 1720 liberos
425 1688 470 1720 ut
490 1687 738 1720 remanerent
758 1682 997 1720 obsecrasse.
1047 1686 1116 1720 τῶν
1138 1683 1179 1720 δέ
1199 1698 1276 1721 τινα
1305 1683 1487 1733 λέγεται
1516 1684 1667 1726 δέξαντα

188 1746 228 1783 τὸ
259 1745 393 1783 αἰδοῖον
432 1745 578 1795 εἰπεῖν,
601 1744 691 1783 ἔνθα
726 1744 766 1783 ἄν
804 1748 907 1783 τοῦτο
943 1744 987 1796 ᾖ,
1025 1744 1176 1784 ἔσεσθαι
1216 1746 1354 1785 αὐτοῖσι
1381 1748 1442 1786 καὶ
1471 1747 1578 1786 τέκνα
1606 1749 1668 1786 καὶ

189 1812 373 1859 γυναῖκας.

297 1890 363 1928 ΠΙ
387 1892 464 1929 160
492 1891 666 1931 πολλάκις
694 1889 843 1941 Δαρεῖον
873 1890 1058 1940 λέγεται
1093 1891 1240 1942 γνώμην
1270 1891 1377 1941 τήνδε
1406 1890 1665 1937 ἀποδέξασθαι,

189 1969 231 1993 se
275 1955 391 1993 malle
428 1955 576 2006 Zopyri
618 1954 759 1992 faciem
798 1954 1057 1993 deformatam
1100 1968 1179 1992 non
1221 1969 1327 2003 esse,
1370 1968 1488 2004 quam
1524 1955 1667 2006 viginti

190 2017 416 2069 Babylones
444 2031 570 2069 regno
599 2031 671 2056 suo
700 2016 805 2055 addi.
1676 2023 1679 2025 ’

295 2106 336 2145 V
359 2108 433 2146 105
462 2107 604 2159 Δαρείῳ
635 2110 685 2149 ὧς
724 2107 928 2158 ἐξηγγέλθη
961 2107 1091 2159 Σάρδις
1128 2108 1287 2149 ἁλούσας
1316 2108 1569 2159 ἐμπεπρῆσθαι
1598 2109 1666 2146 ὑπὸ

183 2169 385 2222 Ἀθηναίων
416 2170 603 2221 λέγεται
640 2170 747 2209 αὐτὸν
787 2170 967 2223 εἴρεσθαι,
1003 2170 1131 2212 οἵτινες
1159 2169 1230 2208 εἷεν
1267 2171 1301 2208 οἱ
1324 2170 1507 2222 Ἀθηναῖοι
1534 2186 1568 2209 κ.
1585 2186 1615 2209 τ.
1632 2173 1664 2209 λ.

299 2259 360 2298 VI
381 2262 432 2298 44
462 2260 549 2299 dira
576 2266 813 2311 tempestate
843 2260 947 2298 circa
967 2260 1140 2298 Athoem
1170 2266 1306 2299 exorta
1334 2261 1550 2311 permultas
1569 2261 1666 2300 Per-

187 2337 320 2362 sarum
357 2337 478 2363 naves
514 2323 659 2363 fractas
697 2337 782 2362 esse
819 2322 1007 2374 λέγεται
1044 2323 1111 2375 γὰρ
1145 2323 1238 2362 κατὰ
1272 2324 1478 2376 τριηκοσίας
1506 2325 1570 2377 μὲν
1595 2328 1664 2363 τῶν

186 2389 278 2425 νεῶν
308 2387 373 2429 τὰς
401 2388 665 2439 διαφθαρείσας
694 2387 796 2426 εἶναι.

298 2477 382 2517 VII
403 2478 453 2517 56
484 2477 642 2517 ἐνθαῦτα
672 2477 857 2529 λέγεται
883 2476 1030 2530 Ξέρξεω
1058 2476 1128 2530 ἤδη
1162 2476 1427 2531 διαβεβηκότος
1453 2477 1514 2517 τὸν
1531 2449 1664 2531 (Ελλή-

187 2554 336 2580 σποντον
383 2541 496 2593 ἄνδρα
543 2542 653 2580 εἰπεῖν
689 2541 990 2592 (Ελλησττόντιον.
1048 2543 1078 2579 ὦ
1119 2542 1213 2588 Ζεῦ,
1263 2543 1299 2580 τί
1337 2543 1437 2593 ἀνδρὶ
1478 2541 1666 2592 εἰδόμενος

188 2604 317 2657 Πέρσῃ
344 2620 380 2644 κ.
395 2620 427 2643 τ.
442 2607 476 2644 λ.
1480 2619 1483 2621 ·

1129 2708 1143 2725 Α
