1844 2898
789 89 1054 129 -30-

288 196 352 242 Ita
380 195 467 235 aliis
496 196 594 235 locis
624 197 856 248 plerumque
887 195 1003 234 rebus
1033 194 1142 234 miris
1170 193 1345 243 traditis,
1380 207 1471 233 cum
1498 194 1540 233 in
1567 194 1655 233 uni-

179 274 336 299 versum
369 259 502 298 dicere
531 267 666 312 posset
699 260 911 309 »narrari«,
931 274 1020 298 eum
1040 259 1245 310 populum,
1270 258 1318 297 ad
1339 271 1457 309 quem
1475 272 1655 309 quaeque

185 339 247 363 res
277 324 496 375 spectabat,
527 339 686 363 narrare
714 324 826 363 dixit.

286 433 353 472 III
379 435 559 472 107—12
589 433 638 472 de
667 434 859 483 libanoto,
889 447 1060 485 smyrna,
1091 433 1208 482 casia,
1229 433 1492 482 cinnamomo,
1512 431 1655 471 ladano

179 497 352 536 Arabiae
382 497 579 535 mercibus
609 498 742 548 magni
775 497 893 548 pretii
923 497 1042 534 refert
1071 502 1110 534 et
1142 510 1221 546 quo
1250 509 1448 546 quamque
1478 495 1654 546 periculo

137 593 143 601 „
181 560 335 598 Arabes
368 560 443 597 sibi
477 565 718 609 comparent.
787 561 858 596 107
901 560 944 597 τὰ
978 560 1130 610 δένδρεα
1164 559 1207 597 τὰ
1241 558 1518 611 λιβανωτοφόρα
1553 558 1654 609 ὄφιες

182 623 375 674 ὑπόπτεροι
418 623 646 673 φυλάσσουσι
689 622 822 672 πλήθεϊ
862 623 988 659 πολλοὶ
1030 623 1110 673 περὶ
1145 622 1310 673 δένδρεον
1346 622 1514 666 ἕκαστον,
1557 621 1654 658 οὗτοι

179 688 280 737 οἷ’περ
311 686 366 723 ἐπ’
394 685 571 735 Αἴγυπτον
603 686 945 736 ἐπιστρατεύονται.
968 714 977 723 .
999 714 1008 723 .
1060 687 1135 724 108
1173 686 1352 736 λέγουσι
1382 686 1422 724 δὲ
1450 686 1521 723 καὶ
1550 684 1653 723 τόδε

175 749 400 801 Ἀράβιοι.
422 776 431 786 .
454 776 485 792 .,
529 748 727 799 quomodo
767 748 855 797 fiat,
898 754 941 786 ut
981 754 1184 799 serpentes
1223 749 1278 786 illi
1312 754 1391 786 tam
1426 748 1542 799 pauci
1576 748 1655 785 sint

177 813 275 862 (108
296 813 373 861 sq).

285 874 328 912 II
349 875 398 912 75
429 873 559 923 λόγος
589 874 679 911 ἐστὶ
708 874 784 924 ἅμα
808 876 859 925 τῷ
890 873 967 925 ἔαρι
995 874 1200 925 πτερωτοὺς
1230 873 1310 926 ὄφις
1333 875 1373 912 ἐκ
1394 877 1457 924 τῆς
1482 873 1652 924 Ἀραβίης

177 938 352 977 πέτεσθαι
384 938 438 976 ἐπ’
475 937 666 987 Αἴγυπτον.
734 937 800 976 III
832 940 905 976 111
950 938 990 976 τὸ
1032 939 1259 989 κιννάμωμον
1294 937 1345 976 ἔτι
1375 936 1651 989 θωμαστότερον

179 1002 411 1051 συλλέγουσι.
461 1002 548 1039 ὅκου
580 1002 645 1052 μὲν
675 1001 741 1052 γὰρ
771 1002 917 1051 γίνεται,
947 1001 1012 1039 οὐκ
1043 1000 1171 1052 ἔχουσι
1199 1002 1323 1046 εἰπεῖν,
1352 1002 1443 1052 πλὴν
1475 1002 1526 1039 ὅτι
1551 1000 1651 1052 λόγῳ

176 1065 242 1103 οὐκ
279 1064 392 1103 οἰκότι
425 1064 620 1116 χρεόμενοι
655 1066 691 1103 ἐν
726 1065 858 1103 τοισίδε
896 1065 1066 1116 χωρίοισί
1089 1066 1198 1117 φασί
1222 1080 1333 1106 τινες
1362 1065 1449 1103 αὐτὸ
1479 1065 1651 1116 φύεσθαι,

178 1129 215 1166 ἐν
245 1132 335 1166 τοῖσι
365 1129 384 1165 ὁ
413 1127 587 1169 Διόνυσος
617 1128 754 1180 ἐτράφη
784 1143 818 1166 κ.
835 1143 866 1166 τ.
883 1131 915 1165 λ.
946 1130 1000 1177 (v.
1022 1142 1059 1179 p.
1084 1129 1163 1178 13).

283 1227 345 1267 IV
368 1228 442 1266 173
474 1227 678 1279 Νασαμῶσι
697 1227 943 1279 προσόμουροι
960 1228 1109 1266 Ψύλλοι.
1145 1228 1243 1266 οὖτοι
1262 1228 1514 1271 ἐξαπολώλασι
1529 1227 1650 1280 τρόπῳ

175 1293 319 1344 τοιῷδε·
364 1293 382 1329 ό
410 1291 513 1333 νότος
548 1305 610 1344 σφι
644 1291 761 1330 πνέων
797 1291 929 1343 ἄνεμος
962 1292 1005 1330 τὰ
1041 1291 1173 1344 ἔλυτρα
1206 1295 1276 1330 τῶν
1313 1293 1452 1330 ὑδάτων
1483 1292 1649 1342 ἐξαύηνε.

175 1356 208 1392 οἱ
244 1356 284 1393 δὲ
321 1356 608 1407 βουλευσάμενοι
643 1360 751 1406 κοινῷ
786 1355 886 1407 λόγῳ
924 1356 1178 1407 ἐστρατεύοντο
1206 1356 1267 1399 Δἐπὶ
1295 1356 1353 1394 τὸν
1382 1355 1484 1394 νότον
1512 1355 1649 1406 (λέγω

175 1419 221 1456 δὲ
251 1421 405 1463 ταῦτα,
436 1418 484 1456 τὰ
514 1418 692 1467 λέγουσι
722 1419 904 1470 Λίβυες)
934 1434 967 1456 κ.
984 1434 1014 1456 τ.
1031 1421 1064 1456 λ.

282 1514 343 1552 IV
366 1515 441 1553 188
472 1519 617 1563 narrat,
647 1513 846 1564 quomodo
866 1514 1016 1566 Libyes
1042 1514 1227 1563 efficiant,
1256 1520 1297 1553 ut
1324 1514 1499 1553 omnium
1524 1513 1650 1552 homi-

174 1591 267 1614 uum
298 1577 448 1627 optima
476 1577 702 1615 valetudine
723 1583 895 1616 utantur.
940 1579 1037 1628 εἰμὲν
1058 1578 1116 1615 διὰ
1136 1581 1253 1623 τοῦτο,
1284 1578 1349 1615 οὐκ
1370 1577 1448 1628 ἔχω
1466 1577 1649 1628 ἀτρεκέως

175 1638 283 1686 εἶπαι,
314 1638 543 1691 ὑγιηρότατοι
573 1640 606 1677 δ’
630 1640 678 1677 ὦν
710 1640 789 1678 εἰσί.
847 1640 889 1690 ἣν
920 1641 961 1678 δὲ
989 1640 1132 1678 καίουσι
1160 1640 1204 1678 τὰ
1231 1641 1354 1679 παιδία
1384 1641 1547 1692 σπασμὸς
1577 1641 1648 1678 ἐπι-

174 1703 334 1753 γένηται,
366 1704 561 1755 ἐΕεύρηταί
577 1716 640 1755 σφι
660 1703 747 1745 ἄκος
764 1732 772 1741 .
790 1732 799 1741 .
818 1732 827 1741 .
858 1704 972 1754 λέγω
994 1705 1040 1743 δὲ
1061 1705 1110 1742 τὰ
1130 1705 1307 1754 λέγουσι
1336 1704 1457 1743 αὐτοὶ
1478 1704 1648 1756 Λίβυες.

174 1766 223 1803 cf.
248 1767 323 1804 192
351 1766 444 1804 κατὰ
473 1766 623 1807 τούτους
644 1767 712 1804 εἰσὶ
732 1767 765 1804 οἱ
785 1767 823 1804 ἐν
843 1770 934 1805 τοῖσι
963 1768 1119 1818 στήθησι
1146 1767 1230 1808 τοὺς
1255 1767 1470 1819 ὀφθαλμοὺς
1489 1766 1648 1819 ἔχοντες,

174 1831 229 1870 ὡς
258 1830 310 1879 δὴ
341 1829 551 1879 λέγονταί
575 1845 622 1879 γε
653 1831 732 1867 ὑπὸ
754 1830 938 1881 Λιβύων.
983 1845 1017 1868 v.
1049 1845 1179 1881 supra.
1212 1832 1261 1869 ‘26
1278 1844 1334 1881 sq.
1393 1830 1543 1870 Contra
1575 1832 1647 1869 176

174 1891 333 1929 Μακέων
379 1892 552 1943 ἐχόμενοι
587 1893 772 1938 Γινδᾶνες,
816 1897 885 1931 τῶν
930 1895 967 1931 αἱ
1005 1897 1173 1943 γυναῖκες
1211 1895 1427 1945 περισφύρια
1462 1895 1647 1945 δερμάτων

172 1955 289 1993 πολλὰ
332 1957 465 2006 ἑκάστη
511 1955 637 2007 φορέει
679 1956 771 1994 κατὰ
805 1956 944 1994 τοιόνδέ
980 1972 1028 2002 τι,
1073 1959 1127 1998 ὡς
1162 1956 1350 2006 λέγεται.
1419 1957 1497 1995 κατ’
1536 1956 1648 2008 ἄνδρα

174 2018 324 2056 ἕκαστον
361 2019 539 2071 μιχθέντα
575 2019 807 2072 περισφύριον
843 2020 1067 2071 περιδέεται;
1116 2021 1191 2060 184
1228 2021 1364 2072 ὑψηλὸν
1402 2020 1498 2059 οὓτω
1536 2021 1581 2071 δή
1617 2035 1648 2058 τι

172 2082 354 2132 λέγεται
373 2083 507 2133 (Atlas
527 2084 672 2133 mons),
701 2086 751 2124 ὡς
770 2083 833 2124 τὰς
851 2084 1015 2135 κορυφὰς
1034 2084 1145 2122 αὐτοῦ
1164 2083 1230 2122 οὐκ
1250 2084 1307 2121 οἷά
1325 2099 1364 2121 τε
1384 2084 1474 2122 εἶναι
1494 2084 1647 2122 ἰδέσθαι.

176 2147 252 2185 194
293 2145 430 2184 τούτων
467 2146 646 2189 Γύζαντες
688 2145 854 2196 ἔχονται,
900 2147 937 2184 ἐν
972 2150 1062 2184 τοῖσι
1099 2147 1181 2197 μέλι
1215 2148 1347 2185 πολλὸν
1382 2148 1447 2197 μὲν
1482 2147 1648 2197 μέλισσαι

171 2208 465 2260 κατεργάζονται,
494 2210 619 2260 πολλῷ
645 2209 676 2246 δ’
697 2208 748 2247 ἔτι
768 2209 877 2247 πλέον
898 2209 1074 2259 λέγεται
1094 2210 1334 2261 δημιοεργοὺς
1351 2210 1483 2261 ἄνδρας
1500 2209 1647 2248 ποιέειν.

279 2313 299 2352 I
331 2314 381 2353 93
429 2314 534 2366 λίμνη
573 2313 697 2365 ἔχεται
731 2318 794 2352 τοῦ
825 2316 986 2366 σήματος
1016 2315 1177 2365 μεγάλη,
1212 2315 1275 2365 τὴν
1304 2314 1484 2365 λέγουσι
1513 2315 1648 2353 Λυδοὶ

172 2378 315 2416 ἀείναον
345 2376 447 2416 εἶναι.

277 2472 341 2512 IV
370 2474 422 2513 90
468 2473 620 2524 Δαρεῖος
661 2473 878 2524 ἀπικόμενος
922 2474 978 2511 ἐπὶ
1022 2473 1162 2525 Τεάρου
1206 2478 1371 2525 ποταμοῦ
1412 2475 1475 2517 τὰς
1516 2475 1646 2526 πηγὰς,

172 2536 529 2588 ἐστρατοπεδεύσατο
576 2536 717 2587 ἡμέρας
755 2540 860 2588 τρεῖς.
932 2537 951 2575 ὁ
985 2538 1026 2576 δὲ
1062 2536 1201 2589 Τέαρος
1236 2538 1414 2588 λέγεται
1455 2539 1533 2576 ὑπὸ
1566 2541 1646 2577 τῶν

169 2599 403 2650 περιοίκων
433 2599 524 2637 εἶναι
551 2602 723 2650 ποταμῶν
753 2599 895 2650 ἄριστος
923 2601 967 2638 τά
995 2615 1033 2638 τε
1063 2600 1159 2638 ἄλλα
1188 2601 1226 2642 ἐς
1243 2600 1365 2639 ἄκεσιν
1395 2600 1553 2653 φέροντα
1574 2630 1583 2639 .
1605 2629 1614 2639 .
1635 2630 1645 2639 .
