1844 2898
791 85 1057 124 -26-

183 190 424 242 συνελάβοντο
467 193 531 228 τοῦ
574 191 842 243 στρατεύματος
883 191 1017 242 ταύτης
1060 190 1195 229 εἵνεκεν
1237 193 1302 241 τῆς
1335 190 1462 242 αἰτίης.
1518 193 1577 229 νῦν
1616 190 1658 229 δὲ

183 253 253 290 αἰεὶ
296 253 379 291 ἐπεί
410 269 449 291 τε
492 253 634 292 ἔκτισαν
674 256 736 304 τὴν
772 259 898 304 νῆσον,
937 255 1005 292 εἰσὶ
1043 255 1219 305 διάφοροι.
1267 254 1404 292 τούτων
1438 255 1487 291 ὦν
1522 254 1658 293 εἵνεκεν

183 316 496 366 ἀπεμνησικάκεον
541 320 629 355 τοῖσι
668 317 834 367 Σαμίοισι
877 318 912 354 οἱ
940 316 1135 367 Κορίνθιοι.
1202 315 1283 355 Sed
1310 330 1400 355 eum
1430 316 1660 356 Herodotus

183 379 223 416 in
253 380 514 428 sequentibus
544 381 721 419 oratione
750 381 844 419 artis
872 381 990 431 plena
1019 380 1066 418 de
1105 379 1322 418 inimicitiis
1356 380 1518 429 referat,
1560 394 1659 431 quas

184 441 426 494 Lycophron
459 444 498 482 in
528 444 790 483 Periandrum
820 448 982 496 propter
1003 443 1190 483 Melissae
1220 443 1355 483 matris
1385 457 1520 482 necem
1548 457 1658 482 exer-

184 507 329 555 euerit,
372 507 518 557 quibus
556 509 703 546 fautum
741 514 820 556 est,
861 514 907 546 ut
941 507 1159 559 Corcyram
1196 508 1237 546 in
1273 507 1454 546 exsilium
1489 522 1513 545 a
1548 513 1659 559 patre

185 569 418 618 mitteretur,
447 575 611 621 apparet
640 584 729 608 eum
763 584 923 609 eausam
953 571 1059 608 illam
1088 570 1263 620 finxisse,
1292 576 1337 609 ut
1364 570 1413 609 de
1442 569 1660 608 Periandro

186 637 226 670 et
254 632 520 684 Lycophrone
550 639 640 684 apte
670 648 829 673 narrare
858 640 1004 685 posset.

292 758 414 798 Nune
445 760 518 799 hoe
548 761 656 800 locos
685 760 1000 800 consideremus:

292 838 355 875 IV
379 840 453 876 103
484 845 635 887 narrat,
665 839 863 889 quomodo
894 839 1016 877 Tauri
1054 840 1284 891 peregrinos
1320 838 1370 877 ad
1403 852 1538 876 eorum
1567 838 1660 876 litus

185 899 338 940 delatos
363 901 564 953 virgineae
587 902 683 941 deae
709 902 932 941 immolent:
963 904 1026 953 τὴν
1048 904 1087 941 δὲ
1110 903 1265 954 δαίμονα
1283 902 1430 953 ταύτην,
1451 903 1497 952 τῇ
1518 901 1660 947 θύουσι,

184 964 375 1013 λέγουσι
405 966 531 1003 αὐτοὶ
561 966 728 1016 Ταῦροι
753 966 1028 1017 Ἰφιγένειαν
1057 968 1120 1016 τὴν
1147 965 1423 1016 Ἀγαμέμνονος
1451 965 1552 1003 εἶναι.

292 1043 448 1084 IV191
484 1043 635 1083 Αὐσέων
672 1044 817 1096 ἔχονται
852 1046 1026 1097 ἀροτῆρες
1055 1045 1207 1097 Λίβυες,
1250 1047 1340 1083 τοῖσι
1374 1044 1511 1095 οὔνομα
1539 1043 1661 1083 κέεται

186 1106 381 1148 Μάξυες.
432 1109 541 1158 φασὶ
570 1109 611 1145 δὲ
641 1108 739 1146 οὖτοι
768 1109 856 1146 εἷναι
886 1112 955 1146 τῶν
987 1109 1029 1146 ἐκ
1058 1107 1224 1158 Τροίης
1252 1109 1402 1159 ἀνδρῶν.

292 1186 446 1226 V1162
485 1187 572 1237 (ubi
608 1194 747 1240 gentes
781 1193 981 1237 recenset,
1018 1202 1065 1226 ex
1103 1186 1247 1239 quibus
1281 1186 1431 1227 Xerxis
1466 1186 1661 1225 exereitus

186 1251 431 1300 compositus
462 1253 575 1300 erat).
634 1252 756 1301 Μῆδοι
790 1252 948 1302 ἄρχοντα
988 1253 1053 1301 μὲν
1089 1252 1302 1302 παρείχοντο
1333 1250 1521 1302 Τιγράνην.
1578 1251 1660 1287 ἐκα-

185 1312 309 1349 λέοντο
354 1314 394 1351 δὲ
434 1315 546 1351 ποίλαι
588 1314 676 1365 πρὸς
710 1315 850 1352 πάντων
873 1313 1014 1365 ”Αριοι,
1059 1313 1279 1365 ἀπικομένης
1315 1314 1356 1351 δὲ
1395 1312 1563 1364 Μηδείης
1599 1315 1661 1363 τῆς

187 1375 371 1426 Κολχίδος
394 1377 438 1424 ΔέΕ
464 1376 661 1427 Ἀθηνέων
692 1377 730 1418 ἐς
759 1378 841 1419 τοὺς
858 1376 1006 1428 Ἀρίους
1035 1377 1197 1423 τούτους,
1228 1376 1430 1428 μετέβαλον
1451 1377 1491 1414 τὸ
1510 1375 1660 1425 οὔνομα.

185 1438 315 1476 αὐτοὶ
352 1440 392 1476 δὲ
430 1440 531 1490 περὶ
567 1439 716 1491 σφέων
754 1440 838 1477 ὧδε
873 1439 1063 1489 λέγουσι
1092 1438 1251 1489 Μῆδοι.
1308 1438 1399 1476 Viri
1427 1438 1534 1477 docti
1562 1452 1660 1477 non-

185 1503 284 1542 nulli
312 1518 466 1542 sumere
492 1518 572 1542 non
592 1503 777 1543 dubitant
795 1502 1060 1552 Herodotum,
1090 1518 1180 1542 eum
1200 1502 1306 1542 dicat
1324 1502 1468 1542 Medos
1488 1516 1660 1551 narrare,

185 1566 400 1616 aliquando
430 1582 453 1605 a
481 1567 615 1605 Medis
646 1567 887 1617 quibusdam
915 1566 956 1605 id
985 1566 1184 1606 audivisse
1213 1566 1435 1616 (Matzat,
1455 1566 1660 1604 Hermes

129 1642 134 1646 '
185 1629 248 1668 VI
263 1630 360 1668 452:
393 1631 561 1669 »obenan
588 1638 699 1669 anter
716 1630 904 1669 Her-odota
923 1629 1078 1679 Quellen
1102 1630 1195 1668 vibet·
1210 1630 1329 1668 Aeien
1346 1630 1472 1668 stehen
1489 1629 1661 1667 Bericht-

184 1700 359 1731 eretattet·
401 1708 471 1730 aus
516 1695 600 1731 dem
640 1694 916 1731 herreohenden
961 1693 1087 1741 Vollce,
1129 1695 1201 1730 den
1242 1693 1424 1737 Persam,-
1461 1706 1499 1730 es
1533 1705 1662 1737 waren

187 1756 373 1802 Md'nner,
410 1757 470 1793 die
504 1757 571 1793 der
603 1756 793 1806 yelehrten
827 1753 1075 1793 helleniwhen
1105 1755 1276 1806 Bilduny
1310 1755 1415 1793 nicht
1437 1754 1574 1804 sremd
1597 1767 1660 1804 ye-

188 1819 332 1857 blieben
365 1832 515 1864 ‘warem-
557 1820 610 1857 sie
645 1818 791 1857 lcemzen
827 1820 889 1867 die
921 1819 1168 1857 kellemzschen
1203 1817 1352 1870 Saqen:
1390 1817 1416 1855 I
1437 1817 1458 1856 1
1471 1846 1481 1865 ,
1521 1816 1576 1855 VI
1595 1816 1661 1865 54,

196 1882 356 1929 VII61,
386 1882 479 1931 150,
507 1881 562 1920 62
590 1883 679 1932 (»so
710 1896 832 1933 sagen
862 1881 925 1920 die
957 1881 1099 1920 Meder
1126 1896 1203 1920 von
1240 1881 1324 1920 sich
1362 1881 1548 1931 selbst«);
1592 1880 1661 1919 sed

186 1946 276 1997 quis
305 1945 462 1997 putabit
489 1945 645 1983 Tauros
675 1960 765 1984 eum
795 1951 835 1983 et
862 1945 1032 1996 Maxyes
1061 1945 1102 1983 in
1128 1943 1335 1984 itineribus
1364 1945 1594 1983 convenisse
1624 1949 1663 1982 et

186 2009 235 2048 de
270 2009 482 2061 Iphigenia
518 2014 557 2047 et
595 2008 699 2047 bello
737 2008 883 2047 Troico
919 2008 990 2047 hos
1026 2007 1135 2059 apud
1172 2021 1262 2046 eum
1297 2022 1478 2046 sermone
1507 2007 1662 2046 Graeco

186 2086 280 2111 usos
319 2072 573 2120 disseruisse,
616 2077 685 2110 aut
720 2071 769 2110 ab
804 2072 892 2111 aliis
926 2071 1143 2119 audivisse,
1189 2071 1277 2110 illas
1314 2071 1521 2122 opiniones
1556 2070 1662 2123 apud

187 2135 375 2174 barbaros
405 2135 492 2174 illos
522 2135 703 2186 vulgatas
731 2133 841 2173 esse?

296 2215 358 2253 IV
382 2217 470 2264 191,
501 2215 550 2253 92
580 2215 664 2254 fera
691 2215 894 2263 animalia,
933 2228 1035 2265 quae
1063 2213 1196 2265 Libya
1222 2214 1341 2262 ferat,
1376 2227 1584 2252 recensens
1612 2213 1662 2253 ad

187 2293 245 2328 ea,
275 2292 377 2329 quae
398 2278 550 2330 Libyes
580 2278 655 2329 ipsi
686 2283 859 2326 narrent,
888 2282 1096 2329 provocat:
1126 2278 1188 2315 καὶ
1216 2276 1282 2328 γὰρ
1311 2277 1345 2314 οἱ
1374 2275 1476 2328 ὄφιες
1503 2277 1537 2314 οἱ
1557 2277 1661 2327 ὑπερ-

187 2343 369 2393 μεγάθεες
397 2341 490 2380 κατὰ
518 2342 668 2383 τούτους
698 2342 767 2380 εἰσὶ
796 2368 932 2379 .....
962 2341 1023 2379 καὶ
1053 2339 1127 2378 ὄνοι
1155 2340 1189 2378 οἱ
1217 2339 1260 2378 τὰ
1288 2339 1400 2391 κέρεα
1428 2338 1575 2391 ἔχοντες
1602 2341 1663 2379 καὶ

187 2407 222 2443 οἱ
249 2406 498 2457 κυνοκέφαλοι
527 2407 588 2443 καὶ
616 2406 651 2443 οἱ
680 2405 860 2456 ἀκέφαλοι
888 2406 922 2442 οἱ
952 2405 988 2442 ἐν
1028 2407 1117 2442 τοῖσι
1156 2404 1306 2454 στήθεσι
1339 2404 1422 2445 τοὺς
1451 2404 1664 2455 ὀφθαλμοὺς

186 2469 349 2516 ἔκοντες,
386 2472 446 2511 ὡς
476 2470 527 2519 δὴ
559 2469 775 2519 λέγονταί
800 2484 848 2519 γε
879 2470 963 2507 ὑπὸ
994 2468 1187 2520 Λιβύων,
1224 2468 1286 2506 καί
1318 2468 1354 2506 οἱ
1388 2467 1503 2519 ἄγριοι
1534 2466 1663 2518 ἄνδρες

184 2549 218 2570 κ.
235 2548 265 2571 τ.
284 2535 339 2579 λ.;
378 2533 447 2571 sed
476 2547 579 2583 quae
608 2532 672 2571 hie
701 2532 833 2581 refert,
862 2533 1051 2584 pleraque
1080 2545 1161 2570 non
1196 2530 1246 2569 ad
1275 2530 1468 2582 Libyam,
1510 2528 1581 2568 sed
1612 2529 1664 2568 ad

186 2595 345 2636 Indiam
386 2595 586 2648 pertinere
626 2595 688 2634 vir
736 2594 877 2634 doetus
920 2593 1339 2634 Schwanbeckius
1380 2591 1664 2634 demonstravit
