1844 2898
785 0 823 18 cu,
842 0 1145 23 *mwwwsswav
1192 0 1194 2 ’

758 19 768 26 ι
838 16 1123 30 1->..2*vv·,-—-x'‘·⁴

790 124 1064 182 -3-,

175 235 237 273 καὶ
274 233 385 284 ἐμοὶ.
405 261 415 271 .
437 263 447 272 .
504 232 543 271 V
573 234 622 272 36
653 234 875 286 ἐβουλεύετο
899 232 1154 285 Ἀρισταγόρης
1183 234 1274 283 μετὰ
1303 236 1371 272 τῶν
1400 233 1642 281 στασιωτέων,

178 296 340 348 ἐκφήνας
372 296 435 346 τήν
465 310 504 334 τε
522 296 671 334 ἑωυτοῦ
699 298 845 348 γνώμην
867 324 878 334 .
899 324 909 334 .
929 324 939 335 .
999 294 1244 338 Ἑκαταῖος
1279 297 1320 335 δὲ
1350 297 1369 334 ὁ
1399 298 1644 347 λογοποιὸς

175 360 241 399 οὐκ
261 358 304 398 ἔα
322 358 482 412 πόλεμον
509 360 650 413 βασιλέϊ
675 350 909 412 ἀναιρέεσθαι
928 388 939 399 .
960 389 970 399 .
991 389 1001 399 .
1048 359 1088 399 V
1110 360 1185 399 124
1209 360 1384 412 Ἀρισταγ.
1415 360 1644 411 συγκαλέσας

175 424 258 465 τοὺς
302 425 550 466 συστασιώτας
592 425 810 477 ἐβουλεύετο
832 453 841 461 .
865 452 875 462 .
896 452 906 462 .
966 425 1054 462 125.
1089 423 1335 462 ζΕκαταίου
1379 424 1444 475 μέν
1485 439 1546 462 νυν
1580 428 1643 462 τοῦ

188 486 443 538 Ηγησάνδρου,
473 487 640 539 ἀνδρὸς
668 485 915 538 λογοποιοῦ
943 483 1105 539 ἔφερεθΙ
1125 488 1249 539 γνώμη
1272 516 1283 526 .
1304 517 1313 526 .
1335 516 1344 525 .

283 600 441 640 Deinde
476 601 537 641 his
572 593 669 640 locis
705 615 821 641 nemo
849 616 929 641 non
957 602 1065 641 videt
1093 602 1363 654 scriptores
1392 601 1643 641 Herodotum

175 664 391 716 respicere:

269 759 346 801 *VI
374 760 424 798 55
466 761 526 798 καὶ
560 764 671 798 ταῦτα
706 762 787 812 περὶ
821 761 956 799 τούτων
992 762 1153 813 εἰρήσθω
1188 761 1255 811 (de
1283 761 1420 800 Persei
1455 761 1641 812 proavis),

178 823 230 861 ὅτι
266 824 307 861 δὲ
343 822 464 865 ἐόντες
501 823 687 873 Αἰγύπτιοι
723 825 784 862 καὶ
818 824 871 862 ὅτι
907 825 1165 875 ἀποδεξάμενοι
1199 823 1329 877 ἔλαβον
1358 825 1421 866 τὰς
1448 825 1544 877 Δωρι
1572 826 1641 863 ἑων

178 885 594 938 βασιληΐαςγᾶλλοισι
622 887 688 938 γὰρ
717 888 818 939 περὶ
847 887 989 926 αὐτῶν
1020 887 1216 939 εἴρηται,
1247 888 1402 939 ἐάσομεν
1432 888 1534 926 αὐτά.

282 972 346 1011 IV
360 972 410 1010 36
431 972 550 1023 γελέω
571 972 685 1024 ὁρέων
702 976 780 1023 γῆς
794 967 1039 1024 ’περιόδους
1058 975 1310 1025 γράψαντας
1332 974 1525 1016 πολλοὺς
1546 974 1640 1026 ἤδη.

282 1058 326 1097 II
356 1059 407 1098 20
435 1058 670 1110 (Ελλήνων
708 1059 772 1111 μέν
807 1071 928 1102 τινες·
963 1059 1124 1102 ἔλεξαν
1153 1062 1233 1112 περὶ
1261 1064 1324 1099 τοῦ
1354 1061 1483 1103 ὕδατος
1510 1062 1641 1101 τούτου

177 1122 246 1172 (de
265 1121 378 1172 Nilo)
405 1123 594 1174 τριφασίας
624 1123 741 1164 ὁδούς.
790 1126 860 1161 τῶν
889 1124 912 1172 ἡ
940 1123 1044 1174 ἑτέρη
1076 1124 1140 1174 μὲν
1169 1124 1297 1173 λέγει.
1318 1152 1328 1161 .
1350 1152 1359 1161 .
1382 1125 1427 1161 21
1451 1124 1474 1173 ἡ
1495 1124 1639 1175 δ’ἑτέρη

177 1185 278 1236 λέγει
307 1186 377 1224 ἀπὸ
406 1188 470 1224 τοῦ
493 1185 672 1225 Ὠκεανοῦ
704 1185 833 1238 ῥέοντα
862 1186 968 1226 αὐτὸν
997 1190 1109 1226 ταῦτα
1138 1188 1372 1239 μηχανᾶσθαι
1399 1188 1470 1238 (23
1499 1188 1519 1225 ὁ
1541 1188 1641 1239 περὶ

175 1252 254 1287 τοῦ
277 1249 500 1287 Ὠκεανοῦ
529 1250 660 1291 λέξας
680 1278 688 1287 .
711 1278 719 1286 .
743 1251 772 1299 .)
801 1251 850 1288 22
880 1252 903 1299 ἡ
931 1252 972 1287 δὲ
1002 1251 1097 1301 τρίτη
1128 1253 1197 1288 τῶν
1228 1252 1321 1288 ὁδῶν
1351 1251 1450 1300 λέγει
1470 1278 1479 1287 .
1501 1278 1510 1288 .
1533 1278 1542 1287 .

282 1334 325 1373 11
361 1335 432 1374 123
468 1334 565 1374 dicit
591 1335 813 1388 Aegyptios
840 1336 987 1388 primos
1015 1336 1196 1376 docuisse
1217 1336 1375 1376 animas
1404 1335 1643 1375 immortales

176 1412 272 1437 esse.
335 1399 455 1450 τούτῳ
492 1403 543 1450 τῷ
579 1398 678 1450 λόγῳ
714 1400 801 1437 εἰσὶ
836 1398 1130 1450 οἳζΕλλήνων
1168 1401 1448 1451 ἐχρήσαντο,
1485 1402 1527 1438 οἱ
1564 1401 1642 1451 μὲν

174 1462 414 1515 πρότερον,
448 1462 490 1500 οἱ
518 1463 565 1501 δὲ
596 1462 780 1515 ὕστερον
811 1466 860 1506 ὡς
888 1464 967 1516 ἰδίῳ
996 1465 1142 1503 ἑωυτῶν
1173 1463 1279 1503 ἐόντι.

290 1572 501 1610 Praeterea
535 1574 798 1612 nonnullos
834 1573 1069 1623 Graecos,
1106 1575 1400 1626 Aegyptios‚
1436 1573 1643 1626 Scythas

174 1636 412 1685 nominat,
468 1636 760 1686 quibuscum
814 1636 1065 1687 colloquia
1116 1651 1165 1675 se
1219 1637 1449 1676 habuisse
1497 1644 1545 1676 et
1590 1652 1642 1676 ex

174 1713 378 1749 quorum
407 1713 491 1736 ore
521 1698 711 1749 aliquid
739 1699 996 1738 audivisse
1025 1699 1148 1748 dicit
1182 1700 1235 1750 (e.
1254 1715 1292 1751 g.
1322 1701 1388 1738 III
1418 1703 1467 1738 55
1492 1702 1641 1752 Ἀρχίῃ

173 1764 237 1814 τῷ·
264 1762 439 1813 Σαμίου
478 1765 541 1800 τοῦ
571 1761 726 1813 Ἀρχίεω
764 1762 872 1804 αὐτὸς
916 1763 952 1800 ἐν
984 1762 1119 1813 Πιτάνῃ
1158 1762 1424 1815 συνεγενόμην,
1467 1764 1515 1806 ὃς
1556 1763 1639 1816 ἔφη

173 1841 208 1864 κ.
229 1841 260 1863 τ.
281 1828 314 1863 λ.
379 1825 423 1863 Π
454 1826 503 1864 28
538 1828 600 1863 τοῦ
629 1825 764 1863 Νείλου
800 1825 863 1867 τὰς
890 1826 1009 1876 πηγὰς
1037 1828 1121 1863 τῶν
1152 1826 1254 1877 ἐμοὶ
1282 1827 1567 1878 ἀπικομένων
1598 1828 1643 1868 ἐς

173 1888 337 1939 λόγους
364 1887 484 1930 οὐδεὶς
513 1888 692 1940 ὑπέσχετο
722 1888 870 1935 εἰδέναι,
899 1889 932 1927 εἰ
960 1889 1009 1939 μὴ
1041 1889 1077 1927 ἐν
1109 1887 1281 1941 Αἰγύπτῳ
1311 1889 1354 1927 ἐν
1384 1889 1465 1928 Σάϊ
1490 1889 1593 1928 πόλι
1623 1890 1642 1927 ὃ

173 1952 523 2003 γραμματιστὴς
556 1955 641 1989 τῶν
680 1952 782 2002 ἱρῶν
816 1953 1062 2003 χρημάτων
1098 1953 1176 2001 τὴς
1199 1952 1452 2003 Ἀθηναὶης.
1510 1953 1642 2003 ἔλεγε

173 2014 223 2052 δὲ
259 2014 428 2052 ὧδε...
485 2013 547 2052 IV
568 2015 617 2053 76
653 2016 702 2056 ὡς
736 2014 768 2052 δ’
794 2014 867 2065 ἐγὼ
901 2014 1074 2065 ἥκουσα
1103 2013 1278 2066 Τίμνεω
1312 2018 1374 2053 τοῦ
1397 2014 1643 2067 Ἀριαπείθεος

173 2076 497 2127 ἐπιτρόπου...);
540 2077 683 2116 deinde
725 2078 766 2116 in
807 2078 1036 2116 universum
1078 2076 1308 2129 Scythas,
1351 2079 1642 2131 Aegyptios,

172 2138 458 2179 sacerdotes
478 2139 777 2192 Aegyptios,
807 2139 1095 2179 sacerdotes
1116 2140 1419 2192 Babylonios
1448 2142 1642 2193 aliquid

173 2204 456 2257 nsarravisse
484 2203 563 2253 (lV
591 2205 653 2241 81.
713 2203 860 2253 Πλῆθος
888 2205 928 2241 τὸ
957 2203 1172 2242 Σκυθέων
1200 2204 1266 2242 οὐκ
1294 2204 1369 2246 οἷός
1397 2221 1435 2243 τε
1463 2205 1640 2256 ἐγενόμην

172 2266 354 2317 ἀτρεκέως
391 2265 586 2315 πυθέσθαι.
642 2264 791 2303 τοσόνδε
835 2265 1033 2317 ἀπέφαινόν
1069 2280 1128 2316 μοι
1167 2266 1204 2307 ἐς
1234 2265 1310 2318 ὄψιν
1342 2295 1351 2303 .
1374 2295 1383 2304 .
1405 2295 1414 2304 .
1458 2268 1494 2305 ἐν
1523 2269 1640 2319 τούτῳ

171 2334 222 2381 τῷ
258 2330 372 2381 χώρῳ
407 2329 531 2368 κέεται
565 2330 741 2381 χαλκήιον
771 2358 780 2367 .
803 2358 812 2367 .
835 2358 845 2367 .
896 2332 998 2367 τοῦτο
1038 2328 1200 2379 ἔλεγον
1237 2331 1279 2367 οἱ
1314 2330 1548 2382 ἐπιχώριοι
1583 2331 1636 2369 ἀπ’

171 2393 302 2444 ἀρδίων
331 2393 513 2443 γενέσθαι..
569 2393 613 2431 II
643 2394 705 2432 63.
737 2394 894 2431 ἐνθαῦτα
920 2394 1020 2444 μάχη
1053 2393 1187 2434 Εόλοισι
1216 2395 1371 2445 καρτερὴ
1402 2395 1553 2444 γίνεται,
1582 2396 1642 2432 καὶ

171 2458 221 2498 ὡς
256 2457 330 2507 ἐγὼ
366 2456 504 2504 δοκέω,
539 2458 668 2495 πολλοὶ
702 2457 972 2508 ἀποθνήσκουσι
1010 2457 1050 2495 ἐκ
1087 2459 1157 2495 τῶν
1186 2458 1393 2509 τρωμάτων.
1449 2458 1492 2496 οὐ
1521 2456 1641 2509 μέντοι

170 2520 217 2558 οἵ
237 2534 279 2569 γε
309 2520 557 2570 Αἰγύπτιοι
591 2520 764 2572 ἔφασαν
802 2521 1040 2571 ἀποθνήσκειν
1077 2520 1221 2558 οὐδένα.
1278 2521 1321 2559 II
1351 2523 1400 2560 99
1439 2522 1495 2559 τὸν
1533 2520 1642 2571 Μῆνα

170 2583 210 2621 οἱ
239 2583 359 2634 ἱρέες
388 2582 547 2634 ἔλεγον
575 2587 680 2623 τοῦτο
711 2584 775 2635 μὲν
805 2584 1090 2636 ἀπογεφυρῶσαι
1119 2584 1182 2634 τὴν
1213 2583 1362 2636 Μέμφιν
1384 2612 1393 2622 .
1417 2613 1425 2621 .
1449 2612 1458 2622 .
1515 2584 1536 2622 1
1569 2584 1640 2624 183

172 2648 222 2688 ὥς
255 2645 421 2697 ἔλεγον
450 2648 491 2685 οἱ
518 2646 789 2698 Χαλδαῖοι);
832 2647 931 2689 item
963 2661 986 2685 a
1015 2647 1247 2698 Delphis,
1285 2647 1642 2686 Proconnesiis

1419 2715 1459 2747 1*
