1844 2898
777 99 1044 140 „23-

175 222 307 247 sacras
347 208 439 246 inde
482 223 505 246 a
538 207 807 247 Phoenicibus
847 212 980 259 raptas
1016 213 1056 245 et
1092 208 1133 245 in
1171 206 1339 257 Libyam
1375 207 1558 255 alteram,
1601 206 1643 244 in

175 270 385 311 Graeciam
404 271 566 310 alteram
594 270 774 310 venditas
802 271 960 310 oracula
979 269 1203 310 condidisse
1230 283 1461 320 persuasum
1479 269 1642 318 habens,

175 334 283 385 quod
319 333 697 373 Gutschmidius
734 348 824 373 cum
851 333 1064 372 Euhemeri
1091 333 1291 384 figmentis
1320 339 1522 383 comparat
1547 332 1642 381 (»de

174 412 249 436 rer.
278 397 378 449 Aeg.
407 397 586 449 scriptor.
616 402 707 435 ante
737 396 801 435 Al.
823 396 904 435 M.«
964 395 1106 435 Philol.
1129 395 1173 433 X
1202 396 1321 444 649),
1356 395 1430 434 hoc
1457 395 1572 434 finxit
1598 409 1640 434 se

175 460 323 499 Thebis
351 476 374 498 a
401 460 515 499 Jovis
543 460 813 499 sacerdotibus
842 460 1039 498 audivisse
1067 459 1128 509 (ΙΙ
1151 460 1339 507 54-57).

283 532 346 571 Ita
378 531 567 571 traditum
601 538 684 571 erat
712 531 882 571 Colchos
911 547 933 571 a
962 530 1154 574 Sesostris
1183 530 1373 570 militibus
1409 536 1515 570 ortos
1542 545 1641 579 esse,

175 592 241 646 qui
263 610 334 646 per
352 596 490 634 Asiam
509 610 599 633 cum
621 610 666 633 eo
685 596 851 646 profecti
874 595 922 633 ad
943 595 1154 633 Phasidem
1174 595 1338 633 fluvium
1358 593 1640 642 consedissent,

177 664 218 697 et
245 658 474 698 Herodotus
502 658 588 710 ipse
616 658 657 697 id
684 672 915 710 persuasum
944 657 1126 707 habebat,
1160 658 1295 696 dicens
1324 658 1401 695 iam
1429 663 1641 708 antequam

175 723 223 762 ab
252 723 339 762 aliis
368 722 635 774 comperisset,
664 722 794 773 ipsum
830 737 872 761 86
907 722 948 761 id
976 722 1220 773 suspicatum
1250 736 1347 771 esse,
1383 736 1472 760 cum
1502 720 1641 760 Colchi

175 793 215 825 et
242 780 432 837 Aegyptii
467 785 647 836 pluribus
682 785 799 824 rebus
834 786 938 823 inter
973 800 1014 824 se
1043 786 1323 833 consentirent,
1352 786 1469 836 fingit
1496 791 1640 832 autem,

176 864 217 888 se
246 855 434 899 utrosque
463 848 704 888 sciscitatum
733 862 824 887 esse’
848 863 993 899 eosque
1027 847 1067 887 id
1097 848 1394 900 comprobasse3
1430 862 1522 886 nam
1550 862 1640 885 cum

179 912 337 951 Colchis
373 911 621 950 Herodotum
663 911 903 961 colloquium
946 911 1129 950 habuisse
1172 911 1324 949 ethos
1368 910 1552 949 barbaros
1592 910 1640 947 de

178 974 349 1014 Sesostri
377 980 496 1025 atque
524 973 572 1012 de
592 974 794 1025 Aegyptia
821 974 952 1026 gentis
980 988 1073 1013 suae
1103 974 1254 1025 origine
1283 973 1389 1025 apud
1412 988 1502 1012 eum
1521 972 1642 1011 verba

176 1037 333 1087 fecisse,
380 1036 590 1076 defendere
633 1051 748 1076 nemo
789 1037 905 1075 volet.
978 1038 1052 1075 103
1097 1038 1216 1075 ἐπείτε
1253 1037 1397 1087 ἐγένετο
1436 1037 1494 1075 ἐπὶ
1531 1036 1639 1081 Φάσι,

174 1102 240 1140 οὐκ
275 1100 352 1153 ἔχω
388 1102 428 1139 τὸ
465 1101 631 1139 ἐνθεῦτεν
668 1100 849 1153 ἀτρεκέως
878 1102 1008 1146 εἰπεῖν,
1053 1100 1124 1139 εἴτε
1159 1100 1267 1142 αὐτὸς
1300 1100 1504 1152 Σέσωστρις
1536 1099 1639 1138 κατέ-

175 1168 254 1203 λιπε
283 1193 448 1202 ......
498 1165 570 1203 104
612 1165 798 1215 φαίνονται
834 1165 898 1215 μὲν
936 1164 1002 1215 γὰρ
1038 1163 1159 1205 ἐόντες
1192 1165 1226 1200 οἱ
1262 1162 1404 1214 Κόλχοι
1441 1162 1639 1212 Αἰγύπτιοι.

173 1229 307 1279 νοήσας
343 1228 384 1265 δὲ
419 1226 589 1278 πρότερον
626 1227 732 1268 αὐτὸς
768 1227 791 1277 ἢ
820 1227 980 1268 ἀκούσας
1015 1226 1135 1264 ἄλλων
1178 1226 1287 1275 λέγω.
1345 1229 1394 1267 ὡς
1430 1225 1471 1263 δέ
1506 1240 1566 1276 μοι
1603 1225 1639 1263 ἐν

177 1291 336 1342 φροντίδι
356 1291 515 1339 ἐγένετο,
545 1290 739 1341 εἰρόμην
769 1290 1079 1342 ἀμφοτέρους,
1108 1291 1181 1327 καὶ
1210 1292 1379 1339 μᾶλλον
1408 1288 1642 1339 οἱΚόλχοι

176 1353 436 1405 ἐμεμνέατο
494 1357 576 1391 τῶν
639 1354 897 1403 Αἰγυπτίων
954 1354 977 1404 ἦ
1026 1355 1060 1391 οἱ
1103 1353 1288 1403 Αἰγύπτιοι
1342 1355 1411 1390 τῶν
1469 1351 1640 1404 Κόλχων.

173 1418 327 1468 νομίζειν
371 1416 402 1455 δ’
437 1417 575 1469 ἔφασαν
621 1416 806 1466 Αἰγύπτιοι
848 1420 912 1467 τῆς
954 1417 1180 1468 Σεσώστριος
1222 1420 1387 1468 στρατιῆς
1429 1415 1519 1454 εἶναι
1560 1415 1642 1457 τοὺς

177 1480 350 1531 Κόλχους
371 1509 380 1517 .
402 1480 509 1521 αὐτὸς
538 1481 578 1518 δὲ
609 1479 736 1518 εἴκασα
771 1481 857 1529 τῆδε
888 1508 896 1517 .
920 1510 927 1517 .
951 1508 959 1517 .
996 1480 1090 1517 ἀλλὰ
1122 1480 1254 1517 τοισίόε
1282 1481 1344 1517 καὶ
1372 1481 1507 1530 μᾶλλον
1537 1507 1547 1516 .
1568 1507 1577 1516 .
1599 1507 1608 1515 .
1630 1507 1639 1517 .

179 1546 251 1583 105
298 1545 359 1582 καὶ
400 1543 489 1581 ἄλλο
533 1543 621 1582 εἴπω
664 1545 743 1595 περὶ
771 1547 841 1581 τῶν
871 1542 1028 1595 Κόλχων
1072 1543 1124 1581 ὃτι
1154 1541 1377 1593 Αἰγυπτίοισι
1418 1541 1642 1594 προσφερέες

174 1609 245 1645 εἰσί
261 1636 271 1645 .
292 1636 302 1645 .
325 1636 333 1644 .
356 1636 365 1644 .
402 1607 502 1644 Item
540 1606 757 1644 Phoenices
797 1612 835 1643 et
869 1605 1004 1656 Syrios
1041 1606 1355 1644 Palaestinenses
1397 1606 1505 1656 ipsos
1547 1619 1640 1643 con-

175 1669 312 1708 cedere
332 1669 440 1716 dicit,
462 1683 608 1707 morem
628 1668 857 1720 genitalium
879 1668 1285 1707 circumcidendorum
1304 1667 1353 1706 ab
1368 1668 1580 1720 Aegyptiis
1599 1682 1640 1707 se

173 1732 371 1780 didicisse,
400 1733 572 1782 itemque
602 1731 860 1782 Cappadoces
888 1737 928 1770 et
946 1732 1155 1770 Macrones
1184 1745 1225 1770 se
1254 1747 1276 1769 a
1296 1731 1469 1780 Colchis,
1497 1731 1540 1770 Π
1564 1733 1638 1770 104

173 1824 182 1833 .
205 1824 213 1833 .
235 1824 244 1833 .
267 1795 360 1833 ἀλλὰ
388 1795 521 1833 τοισίδε
549 1796 610 1833 καὶ
638 1797 772 1846 μᾶλλον
803 1794 855 1832 ὅτι
884 1798 1007 1845 μοῦνοι
1035 1795 1174 1832 πάντων
1197 1795 1397 1846 ἀνθρώπων
1418 1792 1560 1846 Κόλχοι
1578 1795 1639 1833 καὶ

173 1859 360 1908 Αἰγύπτιοι
387 1860 448 1896 καὶ
469 1858 640 1899 Αἰθίοπες
667 1859 937 1909 περιτάμνονται
966 1857 1024 1895 ἀπ’
1044 1858 1159 1909 ἀρχῆς
1186 1858 1229 1895 τὰ
1250 1858 1380 1895 αἰδοῖα.
1424 1857 1640 1899 Φοίνικες

174 1922 214 1959 δὲ
250 1922 326 1959 καὶ
354 1922 507 1971 Σύριοι
540 1923 575 1958 οἱ
613 1922 649 1959 ἐν
687 1921 909 1971 Παλαιστίνῃ
944 1922 1015 1958 καὶ
1051 1920 1180 1958 αὐτοὶ
1214 1920 1523 1970 ὁμολογέουσι
1557 1920 1640 1971 ‘remp‘

175 1983 377 2034 Αἰγυπτίων
408 1984 681 2035 μεμαθηκέναι,
711 1984 869 2035 Σύριοι
898 1985 939 2022 δὲ
967 1985 1048 2035 περὶ
1077 1984 1322 2034 Θερμώδοντα
1350 1984 1412 2022 καὶ
1441 1983 1638 2035 Παρθένιον

172 2048 330 2098 ποταμὸν
380 2048 460 2085 καὶ
509 2046 754 2098 Μάκρωνες
803 2047 836 2084 οἱ
876 2046 1031 2085 τούτοισι
1075 2046 1324 2096 ἀστυγείτονες
1369 2046 1440 2083 ἀπὸ
1481 2045 1638 2098 Κόλχων

172 2112 284 2164 φασὶ
315 2112 444 2150 νεωστὶ
479 2110 750 2162 μεμαθηκέναις
800 2110 868 2150 sed
903 2109 1155 2150 manifestum
1194 2115 1253 2149 est
1285 2109 1536 2150 Herodotum
1571 2109 1640 2149 has

172 2189 330 2226 quoque
358 2179 528 2225 quatuor
554 2179 692 2225 gentes
721 2174 961 2213 sciscitatum
981 2188 1061 2212 non
1081 2187 1178 2223 esse,
1208 2173 1276 2212 sed
1295 2174 1336 2212 id
1355 2173 1463 2224 quod
1482 2188 1639 2213 narrare

172 2253 239 2277 eos
267 2237 375 2286 dicit,
403 2238 533 2289 ipsum
562 2238 795 2289 sumpsisse:
832 2240 881 2279 ὡς
910 2236 941 2275 δ’
964 2236 1233 2288 ἐπιμισγόμενοι
1256 2236 1426 2289 Αἰγύπτῳ
1447 2237 1638 2288 ἐξέμαθον,

172 2302 267 2353 μέγα
303 2317 362 2353 μοι
394 2303 456 2340 καὶ
488 2301 573 2340 τόδε
610 2303 798 2353 τεκμήριον
838 2302 983 2352 γίνεται.
1042 2302 1219 2340 Φοινίκων
1258 2301 1381 2340 ὁκόσοι
1420 2304 1463 2351 τῆ
1484 2299 1641 2339 ιΕλλάδι

176 2366 436 2416 ἐπιμίσγονται,
477 2365 598 2403 οὐκέτι
629 2364 846 2416 Αἰγυπτίους
880 2365 1066 2416 μιμέονται
1099 2365 1191 2403 κατὰ
1228 2365 1271 2403 τὰ
1300 2365 1419 2403 αἰδοῖα
1444 2392 1453 2402 .
1476 2392 1484 2402 .
1506 2393 1514 2402 .
1538 2394 1546 2402 .
1576 2363 1639 2402 Ex

171 2428 245 2467 hac
273 2443 314 2467 re
343 2428 527 2467 concludi
554 2433 726 2479 poterat,
765 2427 984 2467 Phoenices
1020 2442 1169 2466 morem
1206 2428 1315 2466 illum
1346 2427 1393 2466 ab
1422 2427 1508 2466 aliis
1537 2426 1638 2466 didi-

171 2492 293 2539 cisse3
323 2491 551 2531 Herodotus
580 2497 732 2541 autem,
769 2491 844 2531 hoc
872 2505 962 2530 cum
991 2490 1201 2530 dicendum
1230 2496 1353 2541 esset,
1382 2504 1450 2530 eos
1476 2490 1517 2529 id
1545 2503 1639 2529 con-

172 2555 311 2594 cedere
339 2555 449 2594 dixit.
