1844 2898
838 66 1104 106 -43-

231 188 273 213 se
301 172 554 224 discrepant?
602 172 685 212 Sed
709 173 824 212 facile
847 172 1051 213 intellectu
1082 180 1144 213 est
1175 174 1436 226 Theraeos,
1464 176 1574 216 Batti
1599 190 1707 215 men-

231 238 339 276 tione
368 237 436 275 vix
469 237 592 286 facta,
636 251 846 285 narrare,
886 250 1001 287 quas
1034 251 1108 276 res
1136 238 1360 277 universa
1387 240 1708 279 Theraeorum

231 300 407 338 civitas
427 300 647 351 gesserit3
678 298 913 350 Cyrenaei
933 313 1027 338 vero
1046 299 1136 349 his,
1163 299 1204 339 id
1223 300 1333 351 quod
1351 303 1549 342 neminem
1568 302 1708 355 fugiet,

231 362 537 401 strictissime
580 362 819 414 repetitis,
867 367 1117 413 praeterea
1158 368 1360 402 narrant
1401 363 1451 403 de
1492 364 1709 405 Phronima

231 426 339 464 Batti
369 432 506 475 matre,
536 425 584 464 de
614 426 790 477 corporis
819 426 933 475 vitio,
968 440 1048 477 quo
1076 426 1142 465 ille
1171 427 1426 477 laberaverit,
1455 427 1505 468 de
1529 429 1709 477 oraculo,

231 490 341 540 quod
355 490 391 528 ei
407 489 544 528 datum
561 490 625 538 sit,
645 502 736 527 cum
755 489 941 540 privatim
963 489 1143 541 Delphos
1162 490 1363 542 profectus
1384 496 1500 531 esset.
1536 492 1707 541 Deinde,

232 554 398 605 cogitari
421 553 582 592 omnino
611 552 652 591 id
681 553 813 604 ipsum
841 558 987 604 potest,
1016 553 1083 592 illa
1111 554 1216 605 apud
1236 553 1436 594 Theraeos
1465 555 1584 605 solos,
1611 556 1710 594 haec

232 616 338 668 apud
369 615 596 668 Cyrenaeos
625 615 730 654 solos
758 615 921 668 vulgata
947 614 1095 655 fuisse?
1141 617 1179 655 A
1208 631 1301 656 vero
1330 630 1492 670 prorsus
1511 617 1707 658 abhorret.

232 680 432 719 Theraeos
462 679 511 718 de
539 679 731 718 fabulosis
761 679 911 731 Minyis
941 679 1101 730 quidem
1138 686 1320 720 accurate
1357 686 1397 720 et
1430 680 1518 720 fuse
1550 696 1708 721 narrare

233 744 422 795 potuisse,
451 742 652 794 quomodo
677 741 1022 781 Lacedaemonem
1051 743 1253 782 venissent
1281 749 1320 782 et
1347 743 1547 784 discordia
1573 750 1710 783 exorta

233 807 282 845 ab
325 807 403 845 illis
445 806 486 845 in
529 806 690 845 vincula
731 806 899 844 coniecti
934 821 1104 846 uxorum
1142 807 1354 858 prudentia
1387 808 1543 847 liberati
1577 814 1711 848 essent

230 872 327 920 (145
356 884 435 922 sq.,
484 871 576 909 150:
622 869 730 921 μέχρι
772 869 903 908 τούτου
943 873 1006 908 τοῦ
1051 869 1164 920 λόγου
1202 870 1484 923 Λακεδαιμόνιοι
1520 871 1709 925 Θηραίοισι

230 935 323 972 κατὰ
352 934 465 972 ταύτὰ
494 933 675 983 λέγουσι),
706 932 754 971 de
775 932 894 971 Batto
920 947 1027 982 vero,
1058 933 1313 972 celeberrimo
1337 934 1436 984 cive,
1465 948 1590 986 paene
1611 935 1710 974 nihil

231 998 405 1035 scivisse.
454 995 535 1035 Sed
556 995 745 1034 Theraeis
774 995 868 1034 solis
897 995 1139 1034 narrandum
1168 996 1308 1035 tribuit
1327 996 1571 1047 Herodotus,
1601 998 1710 1049 quod

232 1060 401 1099 Theraei
430 1060 604 1099 universi
633 1059 826 1106 fecerant3
857 1058 965 1110 quod
994 1064 1126 1098 autem
1154 1059 1206 1098 ad
1225 1059 1389 1099 Battum
1417 1060 1548 1112 ipsum
1567 1062 1710 1102 attine-

232 1125 312 1174 bat,
341 1139 487 1177 genere
515 1123 677 1175 quidem
697 1123 817 1162 illum
847 1137 1006 1174 quoque
1036 1123 1282 1173 Theraeum,
1315 1123 1386 1163 sed
1423 1124 1592 1164 eundem
1630 1125 1710 1177 pri-

232 1204 340 1228 mum
371 1188 668 1240 Cyrenaeorum
697 1201 851 1239 regem,
889 1188 964 1226 hoc
994 1186 1290 1240 Cyrenaeorum
1319 1188 1492 1227 solorum
1522 1189 1710 1229 interesse

231 1267 379 1304 eosque
409 1253 660 1304 aptissimos,
697 1252 766 1302 qui
796 1251 837 1289 id
865 1257 1124 1301 testarentur,
1154 1252 1336 1303 sumpsit,
1366 1266 1488 1303 quare
1517 1252 1558 1291 id
1587 1251 1710 1304 Cyre-

231 1330 352 1354 naeos
381 1317 486 1354 solos
515 1329 674 1354 narrare
703 1314 815 1352 dixit.

340 1404 533 1444 Similiter
560 1404 793 1443 Herodotus
823 1404 1172 1457 Carthaginienses
1200 1404 1250 1443 de
1279 1404 1520 1445 Hamilcaris
1548 1405 1710 1445 interitu

231 1484 254 1507 a
275 1468 421 1507 Siculis
450 1468 675 1519 discrepare
696 1468 806 1516 dicit,
836 1481 973 1505 revera
992 1468 1079 1506 illos
1106 1482 1186 1506 non
1206 1468 1473 1519 discrepantia
1492 1475 1710 1518 narrantes,

231 1532 302 1571 sed
322 1530 547 1572 Siculorum
577 1531 844 1571 narrationem
875 1531 1009 1570 multis
1038 1530 1157 1571 rebus
1177 1537 1382 1583 augentes,
1412 1538 1457 1571 ut
1484 1547 1585 1584 quos
1604 1532 1709 1571 illam

231 1610 312 1634 rem
342 1596 565 1635 accuratius
595 1600 842 1647 compertum
872 1594 1016 1633 habere
1045 1594 1221 1634 deceret:

339 1686 423 1724 VII
444 1688 516 1725 167
547 1685 781 1737 ἀφανισθέντι
810 1686 850 1722 δὲ
877 1684 1038 1735 Ἀμίλκᾳ
1066 1685 1188 1736 τρόπῳ
1218 1685 1290 1724 εἴτε
1319 1686 1491 1737 τοιούτῳ,
1535 1688 1586 1727 ὡς
1622 1685 1710 1723 Φοί-

229 1764 325 1792 νικες
353 1749 515 1800 λέγουσι,
546 1748 619 1788 εἴτε
647 1748 776 1801 ἑτέρῳ,
806 1750 857 1790 ὡς
885 1747 1106 1801 Συρηκόσιον.
1126 1777 1293 1788 ......

337 1830 400 1870 IV
422 1832 497 1870 154
527 1829 730 1882 Κυρηναῖοι
758 1829 933 1881 οὐδαμῶς
961 1814 1205 1881 ὁμολογέουσι
1233 1829 1435 1882 Θηραίοισι.

339 1945 417 1984 Ita
458 1945 670 1996 denique
713 1945 760 1983 in
808 1944 1118 1997 longioribus
1165 1951 1212 1984 et
1253 1944 1503 1984 continuis
1545 1958 1710 1984 narra-

230 2009 445 2048 tionibus
475 2008 733 2047 nonnullis
753 2008 890 2056 locis,
919 2007 975 2046 ad
999 2021 1135 2058 quem
1164 2008 1394 2059 populum
1414 2021 1508 2056 res,
1536 2007 1591 2046 de
1618 2021 1711 2058 qua

231 2072 425 2126 agebat,
477 2071 751 2124 spectabat,
807 2071 866 2110 ad
921 2071 1046 2110 hunc
1095 2072 1333 2124 populum
1379 2071 1711 2124 singulariter

230 2136 535 2190 provocavit

338 2218 569 2257 1152—76
608 2216 747 2256 Asiam
791 2216 1017 2255 inferiorem
1059 2215 1109 2254 ab
1154 2215 1344 2270 Harpago
1384 2215 1481 2269 Cyri
1523 2215 1709 2269 potestati

230 2282 447 2322 subiectam
479 2294 564 2320 esse
593 2280 724 2319 refert.

344 2362 416 2399 153
446 2363 559 2398 ταῦτα
576 2359 738 2400 εἰπόντος
757 2362 821 2397 τοῦ
840 2360 1000 2410 κήρυκος
1021 2358 1207 2408 λέγεται
1226 2358 1345 2411 Κῦρον
1368 2359 1577 2410 ἐπείρεσθαι
1591 2373 1665 2397 κ.τ.
1674 2360 1708 2396 λ.

342 2456 417 2494 158
438 2468 484 2505 sq
513 2460 646 2493 narrat
675 2453 865 2505 Pactyam
894 2453 1068 2504 Lydum,
1086 2454 1167 2504 .qui
1197 2468 1220 2492 a
1248 2452 1355 2506 Cyro
1384 2453 1594 2502 defecerat,
1623 2458 1710 2492 tum

230 2519 375 2556 Persas
404 2518 622 2570 fugientem
659 2517 708 2555 ad
739 2516 935 2568 Cymaeos
972 2531 1013 2555 se
1052 2517 1285 2567 contulisse,
1320 2517 1409 2556 illos
1438 2515 1709 2556 Aristodicum

230 2582 356 2621 civem
386 2582 436 2620 ad
457 2581 772 2621 Branchidarum
803 2581 1006 2619 oraculum
1037 2581 1202 2631 misisse,
1231 2581 1300 2633 qui
1328 2580 1448 2620 deum
1477 2580 1527 2620 de
1546 2580 1710 2633 Pactya,
