1844 2898
827 53 1090 92 ...24-

322 159 387 198 Ita
421 159 654 200 Herodotus
696 160 781 212 ipse
824 160 994 211 sumpsit
1035 159 1212 199 omnium
1255 159 1420 199 deorum
1454 161 1604 200 cultum
1640 160 1690 200 ab

215 223 429 274 Aegyptiis
457 223 509 262 ad
529 221 708 262 Graecos
736 223 890 262 venisse
910 227 1066 274 praeter
1083 221 1113 261 J
1114 223 1270 271 unonis,
1278 222 1451 271 ‘Vestae,
1472 223 1689 272 Themidis,

218 285 444 336 Charitum,
474 286 676 339 Neptuni,
708 286 1011 335 Dioscurorum,
1049 285 1235 325 nimirum
1273 286 1367 337 quia
1402 301 1482 326 non
1511 292 1623 326 erant
1650 287 1690 325 in

217 349 381 388 deorum
402 350 694 402 Aegyptiorum
724 364 900 398 numero,
921 349 1067 400 quibus
1087 364 1175 388 cum
1197 350 1254 388 illi
1274 351 1493 400 comparari
1516 355 1690 401 possent,

216 412 313 451 dicit
336 418 483 462 autem,
508 413 784 465 Aegyptios
813 412 902 451 hoc
931 417 1105 463 putare
1133 417 1181 450 et
1209 412 1390 462 dicere,
1420 428 1467 451 se
1497 413 1691 452 illorum

218 476 421 516 nomina
450 477 693 530 ignorare.
741 477 784 517 ΙΙ
806 477 857 515 50
886 477 1019 528 σχεδὸν
1048 478 1189 515 πάντων
1218 479 1288 515 τῶν
1318 477 1414 515 θεῶν
1444 477 1487 515 τὰ
1506 476 1691 528 οὐνόματα

218 542 256 581 ἐξ
286 539 471 589 Αἰγύπτου
503 541 666 590 ἐπήλυθε
697 541 735 581 ἐς
763 541 826 589 τὴν
847 538 1039 586 εΕλλάδα,
1070 539 1160 577 διότι
1189 541 1253 590 μὲν
1284 541 1350 591 γὰρ
1381 540 1422 577 ἐκ
1451 541 1524 577 τῶν
1554 541 1691 592 βαρβά-

218 619 288 656 ρων
309 605 403 655 ἥκει,
432 602 706 655 πύνθανόμενος
726 603 821 642 οὕτω
842 603 999 655 εὑρίσκω
1021 601 1094 641 ἐόν.
1143 603 1290 642 δοκέω
1321 604 1377 642 ὦν
1408 604 1602 655 μάλιστα
1631 602 1690 641 ἀπ’

221 668 455 717 Αἰγύπτου
486 668 691 717 ἀπῖχθαι.
750 667 804 704 ὅτι
832 667 899 717 γὰρ
930 668 974 715 δὴ
1006 668 1056 716 μὴ
1088 667 1339 708 Ποσειδέωνος
1373 669 1434 705 καὶ
1462 667 1690 717 Διοσκούρων

216 731 278 768 καὶ
304 728 428 781 ΓἨρης
464 729 525 766 καὶ
553 727 687 779 Ἱστίης
723 729 784 766 καὶ
819 728 953 779 Θέμιος
988 729 1049 766 καὶ
1076 729 1231 780 χαρίτων
1267 729 1328 767 καὶ
1366 727 1578 781 Νηρηΐδων,
1621 732 1690 767 τῶν

218 794 338 832 ἄλλων
377 794 473 831 θεῶν
515 792 740 842 Αἰγυπτίοισι
779 793 853 831 αἰεί
885 807 970 830 κοτε
1007 793 1050 830 τὰ
1087 792 1272 842 οὐνόματα
1309 792 1384 830 ἔστι
1421 794 1457 830 ἐν
1492 798 1536 842 τῇ
1570 794 1690 843 χώρῃ.

218 856 336 905 λέγω
377 856 429 905 δὴ
473 855 524 892 τὰ
566 854 756 904 λέγουσι
799 854 933 892 αὐτοὶ
975 853 1227 903 Αἰγύπτιοι.
1284 856 1366 892 τῶν
1411 855 1458 892 δὲ
1500 854 1551 892 οὔ
1584 867 1691 906 φασι

218 920 335 958 θεῶν
385 919 628 969 γινώσκειν
679 918 731 957 τὰ
772 917 1030 969 οὐνόματα,
1078 915 1178 956 οὗτοι
1228 917 1269 956 δέ
1313 933 1372 969 μοι
1415 918 1585 957 δοκέουσι
1624 919 1691 957 ὑπὸ

220 983 419 1032 Πελασγῶν
462 982 734 1033 οὐνομασθῆναι
764 1010 772 1019 .
795 1010 804 1019 .
827 1013 835 1021 .
893 982 994 1019 Item
1031 981 1074 1019 II
1104 983 1156 1019 43
1204 996 1294 1020 cum
1336 981 1547 1020 dicendum
1590 987 1693 1020 esset

218 1046 416 1085 neminem
452 1060 500 1084 ex
532 1045 608 1085 diis
637 1045 849 1098 Aegyptiis
878 1060 969 1084 cum
998 1044 1242 1085 Graecorum
1272 1045 1446 1084 Hercule
1475 1045 1692 1097 comparari

217 1124 353 1160 posse,
389 1124 437 1148 se
472 1109 529 1147 de
557 1124 610 1148 eo
647 1110 694 1147 in
723 1110 954 1160 Aegypto
990 1123 1229 1159 nusquam
1266 1109 1515 1147 audivisse
1550 1109 1691 1147 dicit:

218 1175 281 1210 τοῦ
323 1171 449 1224 ἑτέρου
493 1171 574 1223 πέρι
610 1170 836 1223 (Ηρακλέος,
884 1172 943 1209 τὸν
981 1169 1164 1222 (Έλληνες
1210 1170 1346 1221 οἴδασι,
1393 1171 1538 1223 οὐδαμῇ
1584 1170 1691 1221 Αἰγύ-

217 1250 306 1273 πτου
343 1236 547 1287 ἐδυνάσθην
584 1236 756 1282 ἀκοῦσαι;
799 1241 839 1274 at
875 1235 923 1273 de
954 1236 1111 1274 Helena
1147 1241 1186 1274 et
1218 1235 1323 1274 bello
1352 1235 1526 1274 Troiano
1561 1235 1609 1273 ab
1645 1235 1693 1273 iis

218 1297 389 1336 audivit!

327 1394 391 1431 Ita
433 1392 605 1442 denique
648 1392 687 1430 V
716 1393 789 1441 45,
834 1407 924 1431 cum
967 1398 1083 1430 antea
1126 1393 1318 1431 Dorieum
1363 1392 1614 1431 Crotoniatas
1653 1394 1693 1431 in

219 1454 415 1507 Sybaride
457 1454 628 1493 delenda
669 1454 868 1494 adiuvisse
903 1452 1107 1506 Sybaritas
1143 1454 1399 1504 contendere,
1443 1455 1693 1495 Crotoniatas

218 1534 364 1572 negare
394 1519 572 1568 dixisset,
601 1518 729 1569 quod
757 1518 814 1557 ad
843 1524 1097 1569 utramque
1133 1520 1462 1558 narrationem
1491 1520 1693 1571 proban-

219 1583 323 1622 dam
366 1582 579 1634 proferri
621 1596 764 1633 posse
808 1582 914 1633 ipse
958 1582 1169 1631 sciebat,
1212 1582 1288 1620 hoc
1329 1582 1418 1621 illos
1461 1597 1617 1621 narrare
1656 1589 1695 1622 et

219 1645 426 1686 ostendere
467 1646 593 1684 finxit.
666 1646 891 1697 μαρτύρια
930 1647 1141 1696 ἑκάτεροι
1184 1646 1551 1684 ἀποδεικνύουσι
1593 1648 1692 1692 τάδε,

219 1710 476 1761 Συβαρῖται
505 1709 571 1759 μὲν
602 1707 753 1759 τέμενός
781 1723 820 1746 τε
848 1710 910 1746 καὶ
938 1709 1023 1759 νηὸν
1054 1708 1162 1746 ἐόντα
1190 1708 1287 1760 παρὰ
1316 1710 1375 1746 τὸν
1406 1709 1511 1760 ξηρὸν
1542 1708 1692 1760 Κρᾶθιν,

218 1774 277 1811 τὸν
307 1772 525 1823 ἱδρύσασθαι
553 1770 751 1810 συνελόντα
787 1773 860 1822 τὴν
897 1771 1027 1810 πόλιν
1058 1771 1237 1823 Δωριέα
1274 1772 1474 1822 λέγουσι.
1530 1772 1623 1824 Ipse
1654 1771 1694 1810 id

219 1836 412 1886 templum
435 1835 536 1873 vidit
556 1841 595 1873 et
617 1836 722 1873 fama
744 1841 952 1886 acceperat
971 1850 994 1873 a
1018 1835 1166 1874 Dorieo
1187 1835 1437 1873 aedificatum
1458 1849 1554 1874 esse.
1589 1839 1692 1873 τοῦτο

222 1900 263 1937 δὲ
307 1898 418 1937 αὐτοῦ
446 1897 606 1949 Δωριέος
647 1899 706 1936 τὸν
744 1899 897 1937 θάνατον
933 1898 1124 1951 μαρτύριον
1160 1897 1326 1949 μέγιστον
1355 1901 1536 1937 ποιεῦνται
1563 1914 1597 1937 κ.
1613 1914 1644 1937 τ.
1661 1901 1692 1937 λ.

219 1978 255 2001 v.
286 1957 325 2014 p.
351 1964 397 2002 19
444 1963 478 2000 οἱ
507 1960 587 2000 δἀὖ
620 1962 869 2014 Κροτωνιῆται
899 1963 1179 2002 ἀποδεικνύουσι
1208 1962 1352 2014 Καλλίῃ
1380 1964 1447 2014 μὲν
1477 1965 1529 2015 τῷ
1555 1963 1693 2015 Ἠλείῳ

221 2027 385 2078 ἐξαίρετα
414 2026 450 2063 ἐν
480 2031 528 2076 γῇ
557 2031 603 2076 τῇ
633 2025 893 2077 Κροτωνιήτιδι
921 2027 1037 2064 πολλὰ
1067 2026 1239 2072 δοθέντα,
1269 2027 1313 2065 τὰ
1340 2028 1401 2065 καὶ
1438 2027 1476 2068 ἐς
1514 2028 1580 2078 ἐμὲ
1617 2027 1695 2065 ἐνέ-

220 2105 329 2141 μοντο
358 2090 392 2127 οἱ
421 2088 594 2128 Καλλίεω
624 2089 814 2141 ἀπόγονοι,
844 2090 976 2142 Δωριέϊ
1002 2091 1043 2128 δὲ
1079 2091 1140 2128 καὶ
1175 2093 1266 2129 τοῖσι
1294 2090 1453 2142 Δωριέος
1488 2090 1696 2141 ἀπογόνοισι

219 2153 340 2191 οὐδέν.
397 2153 548 2190 καίτοι
583 2154 623 2191 εἰ
658 2152 1003 2206 συνεπελάβετό
1039 2156 1194 2203 γε’τοῧ
1223 2153 1532 2205 Συβαριτικοῦ
1560 2154 1694 2191 πολέ-

219 2230 303 2266 μου
324 2216 547 2267 Δωριεὺς,
577 2216 729 2266 δοθῆναι
757 2216 798 2254 ἄν
828 2217 862 2254 οἱ
890 2217 1143 2254 πολλαπλάσια
1172 2216 1194 2266 ἢ
1226 2215 1383 2267 Καλλίῃ.
1440 2216 1488 2254 cf.
1514 2217 1565 2253 44
1602 2215 1694 2267 Κρο-

218 2282 387 2329 τωνιῆται
420 2278 553 2317 οὐδένα
588 2279 688 2331 σφίσι
725 2281 815 2331 φασὶ
844 2280 953 2322 ξεῖνον
983 2279 1315 2331 προσεπιλαβέσθαι
1343 2283 1406 2318 τοῦ
1439 2279 1625 2329 πολέμου,
1663 2280 1696 2317 εἰ

221 2344 270 2393 μὴ
302 2341 479 2392 Καλλίην.
537 2342 648 2380 Luce
678 2342 822 2381 clarius
851 2348 1034 2394 apparet,
1064 2342 1313 2393 Herodotum
1342 2343 1472 2393 ipsum
1501 2343 1696 2394 sagaciter

219 2405 379 2455 vidisse,
409 2404 450 2443 id
478 2419 526 2443 ex
555 2405 674 2444 rebus
704 2406 800 2457 ipsis
830 2404 1013 2445 concludi
1043 2419 1170 2457 posse.

329 2503 443 2542 Haec
480 2503 580 2541 mira
616 2502 854 2541 videbuntur
887 2508 927 2541 et
959 2518 982 2541 a
1016 2503 1176 2555 vulgata
1216 2503 1402 2553 opinione
1438 2502 1486 2540 de
1525 2502 1695 2554 simplici

222 2571 333 2617 patre
362 2565 548 2604 historiae
578 2564 823 2617 discrepant3
852 2565 922 2605 sed
952 2566 1015 2604 ille
1044 2579 1162 2617 quam
1193 2580 1272 2604 non
1292 2565 1460 2617 simplex
1478 2565 1609 2615 fuerit,
1635 2565 1695 2605 his
