1844 2898
753 131 1018 171 -35-

151 237 335 289 γενέσθαι.
400 237 618 280 καλέεται
656 239 698 277 δὲ
736 239 755 276 ὃ
792 238 880 277 Πὰν
920 237 1192 288 Αἰγυπτιστὶ
1228 237 1422 290 Μένδης.
1485 240 1534 278 cf.
1564 241 1617 279 43

151 304 203 342 ὡς
229 302 271 339 δὲ
301 301 402 339 αὐτοὶ
422 300 662 351 Αἰγύπτιοι
690 302 897 352 λέγουσι,
927 300 1014 339 ἔτεά
1042 301 1117 339 ἐστι
1145 302 1406 353 ἑπτακισχίλια,
1435 303 1554 340 ἐπείτε
1575 302 1617 341 ἐκ

150 365 221 401 τῶν
250 363 346 402 ὀκτὼ
373 363 469 401 θεῶν
497 364 532 402 οἱ
560 364 731 402 δυώδεκα
759 363 940 414 ἐγένοντο.

259 468 344 507 VII
377 470 451 508 170
487 469 585 508 dicit
626 469 819 508 »narrari«
858 474 950 521 post
978 469 1128 508 Minois
1164 474 1331 508 mortem
1359 484 1494 509 omnes
1522 470 1619 510 Cre-

150 538 302 582 tenses,
339 533 562 584 exoeptis
597 532 824 572 Praesiis
861 538 908 572 et
935 532 1255 579 Polichnitis,
1291 532 1543 584 expeditione
1578 535 1619 573 in

153 593 328 633 Siciliam
365 596 489 644 faeta,
525 595 575 633 ad
610 596 704 634 litus
731 596 921 647 Iapygiae
956 596 1108 635 delatos
1141 596 1196 635 ibi
1232 596 1423 647 oppidum
1452 596 1620 648 Hyriam

153 657 390 698 condidisse.
453 660 521 697 171
556 659 594 701 ἐς
622 659 664 697 δὲ
693 659 756 709 τὴν
778 657 958 711 Κρήτην
988 659 1321 711 ἐρημωθεῖσαν,
1352 662 1409 702 ὡς
1437 660 1620 710 λέγουσι

155 721 384 772 Πραίσιοι,
414 722 656 765 ἐσοικίζεσθαι
684 722 819 763 ἄλλους
846 736 885 760 τε
914 722 1129 773 ἀνθρώπους
1156 738 1190 760 κ.
1206 737 1237 760 τ.
1253 725 1286 760 λ.

261 840 325 879 Ita
359 840 580 892 putandum
618 855 698 879 non
732 845 792 879 est
826 841 998 892 primum
1034 840 1262 880 Corinthios
1289 841 1495 880 Herodoto
1531 856 1620 880 nar-

153 917 275 951 rasse,
318 903 508 942 Arionem
550 903 878 955 Methymnaeum
925 918 949 941 a
994 904 1125 943 nautis
1166 903 1382 942 Corinthiis
1428 904 1468 942 in
1515 918 1620 943 mare

153 966 348 1006 deiectum
377 980 448 1018 per
475 966 706 1018 delphinum
735 973 932 1006 servatum
962 981 1066 1016 esse,
1101 966 1244 1006 deinde
1280 967 1386 1006 idem
1414 982 1438 1006 a
1464 967 1622 1007 Lesbiis

153 1044 243 1068 eum
280 1029 495 1078 audivisse,
532 1031 613 1069 sive
648 1030 766 1078 forte,
802 1031 842 1069 in
876 1031 963 1081 ipsa
991 1030 1182 1069 Corintho
1210 1044 1299 1069 cum
1328 1036 1449 1079 esset,
1485 1031 1622 1069 Lesbii

153 1097 388 1131 mercatores
423 1106 562 1131 navem
596 1092 650 1131 ibi
685 1093 986 1142 constituerant,
1028 1093 1110 1131 sive
1152 1098 1291 1144 postea
1324 1093 1409 1144 ipse
1446 1092 1622 1132 Lesbum

152 1157 352 1210 profectus
381 1162 458 1196 est:

261 1235 283 1274 I
313 1236 363 1274 23
399 1234 612 1286 Περιάνδρῳ
641 1234 827 1284 λέγουσι
855 1233 1090 1286 Κορίνθιοι
1118 1234 1447 1284 (ὁμολογέουσι
1475 1234 1517 1272 δέ
1547 1246 1622 1286 σφι

154 1299 366 1351 Λέσβιοι)
395 1298 432 1335 ἐν
461 1302 512 1349 τῷ
543 1298 610 1349 βίῳ
640 1298 751 1348 θῶμα
779 1297 944 1347 μέγιστον
973 1300 1208 1348 παραστῆναι,
1233 1296 1384 1348 Ἀρίονα
1412 1298 1471 1334 τὸν
1491 1296 1622 1347 Μηθυ-

154 1364 278 1412 μναῖον
308 1361 366 1398 ἐπὶ
394 1362 560 1411 δελφῖνος
589 1360 842 1411 ἐξενειχθέντα
872 1360 929 1398 ἐπὶ
949 1359 1120 1411 Ταίναρον
1142 1388 1151 1397 .
1173 1389 1182 1397 .
1204 1388 1214 1397 .
1256 1360 1308 1398 24
1337 1362 1450 1397 ταῦτα
1477 1359 1541 1410 μέν
1561 1374 1622 1398 νυν

154 1423 391 1476 Κορίνθιοι
426 1438 473 1462 τε
506 1424 580 1462 καὶ
616 1423 801 1475 Λέσβιοι
837 1423 1038 1473 λέγουσι.

154 1486 223 1525 sed
251 1486 302 1525 ad
330 1486 465 1525 ambos
494 1486 620 1524 Arion
648 1485 893 1537 pertinebat„
912 1499 1006 1538 ergo
1035 1485 1150 1524 ambo
1179 1484 1228 1523 de
1257 1499 1303 1523 eo
1333 1491 1505 1524 narrant.

261 1582 363 1620 Item
392 1581 505 1619 facile
534 1581 795 1631 intellegitur,
829 1580 926 1630 quid
954 1580 1030 1618 sibi
1057 1580 1172 1628 velit,
1202 1580 1309 1630 quod
1338 1586 1385 1617 et
1412 1580 1625 1618 Procon-

155 1644 319 1684 nesios
348 1649 394 1682 et
422 1642 697 1696 Cyeicenos
726 1657 919 1682 narrare
949 1642 1071 1682 dicit
1112 1657 1222 1682 »oum
1251 1643 1478 1683 Aristeas
1506 1643 1624 1683 Pro-

156 1708 415 1746 connesius
444 1708 484 1746 in
513 1708 613 1746 fabri
643 1707 802 1746 officina
829 1713 1007 1746 mortuus
1036 1713 1140 1746 esset
1168 1713 1285 1757 atque
1313 1722 1385 1758 per
1407 1713 1535 1746 totum
1554 1722 1625 1759 op-

156 1770 291 1822 pidum
320 1785 455 1809 rumor
483 1770 532 1808 de
562 1770 646 1809 eius
674 1775 799 1808 morte
828 1770 1078 1819 discurreret,
1109 1769 1399 1821 Cycieenum
1427 1770 1626 1821 quendam

156 1848 204 1873 ex
240 1834 386 1873 Artace
428 1834 576 1885 oppido
618 1833 823 1873 advenisse
860 1839 900 1872 et
933 1834 1155 1882 nuntiasse,
1198 1847 1239 1872 se
1280 1834 1321 1872 in
1364 1834 1502 1872 itinere
1536 1848 1626 1873 cum

156 1898 317 1936 Aristea
344 1911 599 1949 congressum
629 1912 734 1945 esse;
770 1898 1080 1947 Proconnesios,
1118 1911 1207 1935 cum
1243 1897 1352 1935 illum
1381 1904 1627 1948 quaererent,

157 1973 231 1999 nec
267 1961 399 1999 vivum
435 1974 509 1998 neo
545 1966 743 1999 mortuum
776 1961 1015 2012 repperisse3
1052 1965 1201 2011 septem
1237 1965 1368 1998 autem
1397 1961 1511 1999 annis
1538 1967 1628 2012 post

158 2024 356 2063 Aristeam
390 2038 525 2062 rursus
553 2023 796 2062 Proeonnesi
830 2024 957 2062 visum
995 2024 1168 2061 carmina
1196 2023 1433 2074 Arimaspea
1467 2037 1628 2075 compo-

157 2087 284 2125 suisse
314 2092 354 2124 et
381 2086 512 2125 denuo
541 2100 589 2124 ex
618 2086 775 2124 illorum
804 2086 928 2124 oculis
956 2086 1163 2137 abreptum
1192 2099 1342 2124 esse.«:

265 2181 327 2220 IV
358 2183 404 2219 14
446 2182 505 2219 τὸν
540 2182 621 2233 περὶ
654 2181 765 2219 αὐτοῦ
797 2180 955 2231 ἤκουον
991 2180 1118 2231 λόγον
1154 2181 1196 2219 ἐν
1232 2180 1522 2233 Προκοννήσῳ
1558 2183 1629 2220 καὶ

159 2244 335 2298 Κυζίκῳ
364 2245 470 2288 λέξω.
521 2243 716 2297 Ἀριστέην
744 2244 812 2296 γὰρ
832 2244 981 2295 λέγουσι
1002 2272 1012 2283 .
1033 2272 1043 2283 .
1066 2272 1076 2283 .
1123 2245 1170 2283 15
1200 2247 1313 2283 ταῦτα
1333 2245 1398 2296 μὲν
1419 2244 1461 2282 αἱ
1479 2244 1630 2288 πόλιες

159 2309 285 2348 αὗται
318 2309 512 2359 λέγουσι.

267 2380 317 2420 cf.
346 2380 447 2419 Plat.
479 2379 597 2419 Polit.
627 2379 671 2418 II
700 2381 743 2430 8,
773 2381 850 2419 366
894 2380 931 2418 αἱ
969 2380 1112 2418 τελεταὶ
1151 2379 1247 2431 μέγα
1280 2379 1466 2426 δύνανται,
1509 2382 1560 2423 ὡς
1592 2382 1630 2419 αἱ

160 2446 325 2496 μέγισται
343 2444 468 2487 πόλεις
487 2444 635 2494 λέγουσι
654 2445 715 2482 καὶ
734 2445 768 2482 οἱ
787 2445 882 2482 θεῶν
903 2445 1030 2485 παῖδες
1048 2444 1205 2494 ποιηταί.
1262 2442 1480 2482 Pausan.V
1495 2445 1559 2489 25,
1582 2447 1630 2483 12

160 2507 303 2558 ἤκουσα
339 2508 376 2545 ἐν
406 2507 518 2558 Θάσῳ
556 2507 616 2544 τὸν
652 2506 759 2544 αὐτὸν
788 2509 882 2559 σφᾶς
907 2505 1103 2558 “Ηρακλέα
1137 2506 1175 2543 ὃν
1211 2507 1272 2544 καὶ
1300 2504 1421 2557 Τύριοι
1454 2505 1631 2558 σέβεσθαι

159 2570 328 2622 (Herod.
354 2570 399 2609 Il
423 2571 474 2609 44
509 2568 689 2621 ἀπικόμην
720 2570 759 2611 ἐς
786 2569 924 2617 Θάσον,
958 2569 995 2607 ἐν
1024 2573 1070 2621 τῇ
1099 2569 1201 2622 εὗρον
1223 2568 1432 2621 “Ηρακλέος
1460 2569 1532 2623 ἱρὸν
1563 2571 1631 2609 ὑπὸ

160 2635 337 2674 Φοινίκων
367 2635 588 2686 ἱδρυμένον).

1406 2702 1447 2736 3*
