1844 2898
705 121 970 159 ‚49-

103 224 238 265 Persis
271 225 475 277 prodendo
510 228 733 266 consuleret
759 255 924 266 ......
957 227 1030 266 159
1058 256 1067 266 .
1090 257 1098 264 .
1120 256 1131 267 ,
1159 227 1343 270 ποιέοντος
1379 229 1421 266 δὲ
1457 227 1568 266 αὐτοῦ

104 291 217 327 ταῦτα
243 289 425 339 λέγεται
453 291 577 341 φωνήν
607 291 650 328 ἐκ
678 293 742 327 τοῦ
770 290 905 327 ἀδύτου
936 289 1107 339 γενέσθαι
1128 317 1262 328 .....

210 360 232 399 Ι
251 363 325 399 174
354 367 487 400 narrat
515 360 693 410 Cnidios,
722 374 813 399 eum
837 360 1030 413 Harpago
1058 362 1400 413 appropinquante
1429 376 1568 414 agrum

103 437 219 462 suum
247 424 564 476 paeninsularem
593 423 699 462 fossa
726 429 926 462 exstructa
952 429 1079 463 totum
1108 438 1132 463 a
1150 424 1367 463 continenti
1387 438 1568 475 separare

104 487 383 538 suscepissent,
411 487 599 539 gravibus
628 487 786 535 morbis,
815 487 910 526 dum
938 493 1082 526 terram
1101 487 1366 539 perfoderent,
1395 488 1569 536 affectos,

103 551 306 589 oraculum
347 550 589 601 Delphicum
632 550 775 590 adiisse
824 556 864 589 et
904 550 1089 602 Pythiam
1138 566 1204 590 eos
1251 551 1396 589 fossam
1442 550 1570 588 facere

104 614 296 653 vetuisse:
339 613 498 665 ἔπεμπον
536 615 574 656 ἐς
611 614 772 666 Δελφοὺς
806 614 1034 666 θεοπρόπους
1067 644 1077 653 .
1100 647 1108 655 .
1131 643 1140 653 .
1163 644 1171 653 .
1205 616 1228 665 ἡ
1257 615 1298 653 δὲ
1338 614 1457 664 Πυθίη
1494 626 1571 665 σφι,

103 679 158 718 ὡς
186 676 315 716 αὐτοὶ
344 676 519 716 Κνίδιοι
548 677 751 728 λέγουσι,
780 682 915 729 χρᾷ..
937 707 945 715 .
967 706 976 716 .

210 745 232 783 Ι
251 746 325 784 177
354 746 398 783 τὰ
426 745 491 796 μέν
520 760 582 783 νυν
610 747 710 784 κάτω
747 749 811 796 τῆς
841 745 974 796 Ἀσίης
997 744 1190 797 “Apum-so<
1226 746 1406 783 ἀνάστατα
1436 745 1568 789 ἐποίεε,

103 807 146 845 τὰ
175 808 217 846 δὲ
246 806 321 845 ἄνω
350 807 461 858 αὐτῆς
490 808 599 849 αὐτὸς
628 807 764 860 Κῦρος,
798 810 865 845 πᾶν
895 807 996 850 ἔθνος
1029 807 1376 860 καταστρεφόμενος.
1431 807 1475 845 τὰ
1504 807 1569 858 μέν

101 885 163 909 νυν
206 871 323 909 αὐτῶν
364 870 465 909 πλέω
502 872 728 923 παρήσομεν,
775 873 820 909 τά
860 872 901 909 δὲ
937 871 1253 923 ἀξιαπηγητότατα
1293 872 1387 918 ἐστι,
1435 870 1568 908 τούτων

105 934 355 985 ἐπιμνήσομαι.
416 935 489 972 178
533 932 653 985 Κῦρος
694 934 813 973 ἐπείτε
856 934 899 972 τὰ
946 935 1060 972 πάντα
1094 938 1158 985 τῆς
1193 935 1338 985 ἠπείρου
1377 933 1571 984 ὑποχείρια

104 997 304 1047 ἐποιήσατο,
341 995 564 1048 Ἀσσυρίοισι
600 997 792 1037 ἐπετίθετο.
864 999 1078 1036 188-191
1119 998 1239 1035 refert
1281 997 1330 1035 de
1365 995 1570 1047 Babylone

103 1073 126 1097 a
153 1058 287 1097 Persis
314 1065 555 1111 oppugnata.

215 1124 282 1162 191
318 1123 386 1161 ὑπὸ
428 1124 469 1161 δὲ
512 1124 693 1174 μεγάθεος
734 1127 798 1174 τῆς
840 1123 985 1169 πόλιος,
1033 1125 1089 1165 ὡς
1130 1122 1316 1173 λέγεται
1359 1122 1442 1160 ὑπὸ
1484 1124 1569 1160 τῶν

102 1186 247 1237 ταύτῃ
282 1186 562 1238 οἰκημένων,
604 1190 674 1225 τῶν
710 1189 791 1239 περὶ
826 1187 870 1226 τὰ
905 1186 1045 1239 ἔσχατα
1086 1190 1149 1237 τῆς
1185 1186 1311 1228 πόλιος
1352 1184 1569 1224 ἑαλωκότων

101 1250 184 1291 τοὺς
210 1250 251 1288 τὸ
280 1249 389 1301 μέσον
409 1250 592 1292 οἰκέοντας
611 1251 654 1288 οὐ
675 1251 866 1302 μανθάνειν
886 1250 1109 1291 ἑαλωκότας.
1159 1250 1324 1288 Aristot.
1347 1248 1432 1287 Pol.
1450 1248 1515 1287 III
1533 1250 1570 1298 3,

108 1314 207 1351 1276
236 1313 280 1363 ἧς
307 1312 349 1362 γέ
378 1325 510 1364 φασιν
540 1313 743 1355 ἑαλωκυίας
770 1314 887 1364 τρίτην
916 1313 1054 1364 ἡμέραν
1084 1313 1149 1351 οὐκ
1179 1313 1373 1351 αἰσθέσθαι
1401 1327 1432 1350 τι
1461 1312 1571 1363 μέρος

102 1379 166 1426 τῆς
193 1375 348 1416 πόλεως.

208 1455 258 1494 In
294 1454 504 1507 Cambysis
545 1455 709 1493 historia
750 1454 801 1493 ad
842 1454 1004 1504 Persas,
1047 1455 1290 1506 Aegyptios,
1326 1454 1573 1503 Ammonios,

103 1518 292 1567 Graecos,
321 1519 361 1556 in
392 1519 579 1569 Aegypto
607 1532 749 1569 nempe
779 1518 1015 1567 habitantes,
1044 1524 1252 1569 provocat:

209 1581 392 1620 Persae
413 1587 630 1631 narrant,
658 1596 738 1633 qua
756 1581 805 1621 de
826 1596 945 1621 causa
964 1582 1102 1621 Amasi
1122 1582 1269 1621 bellum
1290 1581 1434 1620 inferre
1454 1579 1572 1620 Cam-

104 1646 222 1697 byses
251 1645 427 1683 animum
456 1644 656 1684 induiterit
682 1645 767 1694 (ΙΙΙ
790 1646 845 1695 1);

103 1709 160 1748 illi
196 1709 245 1748 de
282 1708 400 1748 rebus
435 1723 459 1747 a
487 1707 703 1761 Cambyse,
739 1708 834 1747 dum
871 1709 911 1748 in
941 1710 1127 1761 Aegypto
1156 1708 1406 1758 versabatur,
1449 1708 1573 1760 gestis

104 1777 286 1810 auctores
316 1771 594 1822 proferuntur:

210 1845 343 1885 11114
372 1845 603 1885 Herodotus
632 1845 751 1885 refert
785 1845 833 1884 de
862 1845 1119 1885 Psammeniti
1155 1845 1377 1885 constantia
1404 1859 1427 1883 a
1456 1843 1574 1883 Cam-

104 1909 200 1960 byse
235 1915 439 1960 temptata.
475 1911 494 1947 ὂ
524 1910 728 1961 δ’ἀμείβετο
758 1910 903 1948 τοισίδε.
952 1910 982 1946 ὦ
1010 1912 1078 1947 παῖ
1103 1908 1249 1960 Κύρου,
1285 1909 1328 1947 τὰ
1357 1910 1422 1959 μὲν
1452 1909 1574 1959 οἰκήια

105 1972 147 2024 ἧν
178 1972 279 2024 μέζω
309 1973 406 2011 κακὰ
434 1972 459 2023 ἤ
487 1974 582 2011 ὥστε
611 1973 814 2011 ἀνακλαίειν
837 2001 971 2010 .....
1000 1973 1061 2010 καὶ
1088 1975 1200 2011 ταῦτα
1229 1974 1279 2014 ὡς
1314 1970 1576 2023 ἀπενειχθέντα

107 2037 175 2074 ὑπὸ
204 2036 334 2075 τούτου
365 2035 407 2074 εὖ
436 2036 575 2074 δοκέειν
606 2048 668 2087 σφι
696 2036 881 2087 εἰρῆσθαι,
916 2038 971 2077 ὡς
1000 2036 1050 2073 δὲ
1086 2035 1273 2084 λέγεται
1304 2035 1364 2073 ὑπ’
1401 2034 1577 2085 Αἰγυπ-

105 2099 231 2146 τίων,
261 2099 428 2150 δακρύειν
459 2099 523 2150 μὲν
555 2097 709 2150 Κροῖσον
739 2098 839 2151 αὐτῷ
868 2113 907 2136 τε
928 2097 1114 2151 Καμβύσῃ
1145 2098 1308 2136 ἐσελθεῖν
1338 2097 1457 2136 οἶκτόν
1486 2112 1575 2136 τινα.

106 2185 139 2210 c.
156 2172 206 2211 26
231 2171 280 2210 de
301 2171 553 2223 expeditione
573 2185 597 2209 a
616 2171 749 2210 Persis
769 2177 906 2210 contra
924 2171 1135 2209 Ammonis
1154 2171 1358 2210 oraculum
1379 2177 1575 2223 suscepta.

213 2236 248 2273 οἱ
288 2235 440 2275 δἀὒτῶν
489 2235 541 2273 ἐπ’
581 2234 807 2287 Ἀμμωνίους
858 2234 1122 2277 ἀποσταλέντες
1167 2234 1378 2286 ἀπικόμενοι
1429 2235 1582 2288 φανεροί

108 2300 175 2338 εἰσι
205 2300 243 2341 ἐς
262 2297 393 2338 ἶΌασιν
412 2298 528 2337 πόλιν.
573 2299 610 2340 ἐς
631 2300 695 2349 μὲν
725 2300 770 2349 δὴ
800 2302 924 2337 τοῦτον
954 2299 1013 2336 τὸν
1042 2301 1163 2349 χῶρον
1193 2298 1338 2348 λέγεται
1367 2299 1428 2336 ἀπι
1447 2298 1579 2336 κέσθαι

108 2364 166 2402 τὸν
202 2363 370 2415 στρατὸν,
413 2363 459 2401 τὸ
495 2362 707 2401 ἐνθεῦτεν
743 2362 810 2410 δὲ,
853 2362 919 2401 ὅτι
955 2362 1012 2413 μὴ
1051 2361 1181 2400 αὐτοὶ
1210 2354 1463 2414 Ἀμμώνιοι
1503 2362 1579 2400 καὶ

108 2428 147 2464 οἱ
174 2427 346 2464 τούτων
375 2426 672 2474 ἀκούσαντες,
707 2425 835 2462 ἄλλοι
863 2425 1056 2466 οὐδένες
1084 2425 1220 2463 οὐδὲν
1250 2424 1409 2476 ἔχουσι
1439 2425 1579 2462 εἰπεῖν

106 2491 205 2541 περὶ
234 2488 394 2528 αὐτῶν.
449 2489 554 2527 οὕτε
590 2488 669 2539 γὰρ
707 2489 754 2530 ἐς
786 2488 892 2529 τοὺς
916 2488 1193 2539 Ἀμμωνίους
1226 2488 1437 2525 ἀπίκοντο
1474 2487 1580 2525 οὔτε

110 2552 250 2590 ὀπίσω
300 2551 562 2602 ἐνόστησαν.
634 2551 820 2601 λέγεται
868 2552 917 2589 δὲ
960 2552 1067 2589 τάδε
1116 2551 1174 2589 ὑπ’
1221 2551 1365 2589 αὐτῶν
1405 2549 1581 2600 Ἀμμω-
1627 2599 1635 2607 ⁸

108 2630 125 2655 ν
139 2618 210 2655 ίων
232 2642 399 2656 ......

1380 2691 1400 2721 4
