1844 2898
766 123 1032 166 -1'9—

161 236 222 273 καὶ
264 235 510 287 διεφθάρησαν
555 236 623 274 ὑπὸ
665 238 728 286 τῆς
770 235 970 285 θαλάσσης.
1033 232 1175 284 Neque
1213 231 1382 285 Scythae
1424 233 1629 273 Herodoto

163 303 374 336 narrarunt
401 303 564 349 propter
591 298 790 350 direptum
809 297 858 336 ab
877 297 974 348 ipsis
994 296 1162 335 Veneris
1183 297 1419 336 Ascaloniae
1436 298 1629 349 templum

162 361 204 400 in
232 361 413 401 morbum
449 361 663 401 femineum
697 362 805 413 ipsos
833 360 1040 409 incidisse,
1079 374 1207 411 neque
1235 360 1333 399 illud
1360 360 1629 400 Potidaeatae.

270 474 309 512 V
329 476 486 514 42—46
520 475 640 514 refert
667 474 860 513 Doricum
889 472 1128 525 Spartanum
1163 474 1212 512 ab
1247 474 1406 512 oraculo
1435 474 1631 526 Delphico

163 537 211 576 ad
240 538 443 590 regionem
462 538 675 589 Erycinam
703 536 957 576 obtinendam
977 537 1141 575 missum
1170 537 1225 575 ibi
1253 537 1393 576 misere
1417 538 1630 585 interiisse3

163 601 202 639 V
222 602 274 640 44
302 599 505 653 Sybaritas
534 601 631 639 dicit
659 614 817 639 narrare
840 600 1032 639 Dorieum
1061 599 1312 639 Crotoniatas
1340 601 1379 639 in
1409 601 1512 640 bello
1541 615 1631 640 cum

162 665 260 715 ipsis
288 670 400 716 gesto
428 664 625 702 adiuvisse
653 663 779 714 (quod
807 663 864 701 illi
893 664 1070 715 negant).
1133 665 1184 702 45
1219 664 1395 715 μαρτύρια
1424 665 1465 702 δὲ
1495 665 1630 703 τούτων

163 729 326 779 ἑκάτεροι
368 728 664 772 ἀποδεικνύουσι,
722 726 969 778 Συβαρῖται
999 754 1008 763 .
1039 754 1048 763 .
1079 754 1088 763 .
1125 726 1264 764 αὐτοῦ
1310 727 1513 778 Δωριέος
1559 729 1630 766 τὸν

163 792 358 829 θάνατον
394 790 641 842 μαρτύριον
678 789 894 840 μέγιστον
931 791 1181 835 ποιεῦνται,
1220 789 1272 827 ὅτι
1299 790 1395 841 παρὰ
1424 791 1467 828 τὰ
1496 806 1630 842 μεμαν-

162 854 320 905 τευμένα
348 854 481 892 ποιέων
512 854 704 905 διεφθάρη.
763 852 863 903 εἰγὰρ
898 853 943 902 δὴ
974 852 1023 903 μὴ
1051 852 1256 903 παρέπρηξε
1286 854 1421 903 μηδὲν,
1458 854 1508 892 ἐπ’
1542 855 1561 892 ὃ
1590 857 1631 892 δὲ

165 918 298 968 ἐστάλη
339 917 480 963 ἐποίεε,
522 917 599 955 εἷλε
638 915 678 954 ἂν
713 916 776 966 τὴν
812 914 997 967 Ἐρυκίνην
1034 916 1159 967 χώρην
1189 915 1265 954 οὔτ’
1299 915 1339 954 ἄν
1370 916 1477 959 αὐτὸς
1504 932 1543 956 τε
1572 927 1633 965 καὶ

163 996 186 1030 η
215 981 359 1031 στρατιὴ
390 981 583 1031 διεφθάρη.
631 979 722 1017 Νοι]
744 978 896 1017 audivit
914 979 989 1016 hoc
1009 979 1057 1016 ab
1076 979 1153 1016 illis
1173 977 1367 1029 Sybaritis
1389 980 1631 1030 Herodotus,

163 1044 196 1081 οἳ
225 1044 320 1081 Λάον
357 1058 396 1081 τε
432 1044 492 1081 καὶ
521 1040 676 1094 Σκίδρον,
706 1041 824 1080 οἴκεον
860 1045 923 1092 τῆς
958 1041 1083 1083 πόλιος
1119 1042 1403 1094 ἀπεστερημένοι
1438 1043 1517 1094 (VI
1548 1046 1632 1095 21),

163 1107 233 1145 sed
270 1108 305 1144 ei
342 1108 418 1157 ipsi
448 1107 586 1145 Doriei
620 1107 802 1144 interitus
836 1112 875 1143 et
908 1106 1118 1154 auxilium,
1154 1106 1261 1155 quod
1290 1106 1531 1146 crotoniatis
1563 1108 1633 1146 ad-

163 1183 300 1208 versus
324 1167 529 1221 Sybaritas
557 1168 661 1217 tulit,
690 1168 723 1207 si
752 1167 869 1207 modo
888 1168 991 1217 tulit,
1020 1168 1075 1206 ita
1103 1168 1204 1206 inter
1231 1182 1273 1207 se
1301 1169 1489 1222 coniungi
1517 1184 1633 1221 posse

163 1234 248 1273 visa
276 1238 379 1272 sunt.

269 1338 333 1377 Ita
360 1337 457 1376 dicit
475 1336 514 1375 A
522 1351 542 1375 e
552 1350 579 1389 g
587 1351 611 1388 y
621 1336 721 1388 ptio
731 1351 749 1376 s
778 1351 804 1375 n
812 1351 835 1375 a
843 1351 943 1375 rrar
954 1351 973 1374 e
1002 1335 1240 1389 Cambysem
1269 1343 1477 1390 propterea
1505 1346 1634 1378 mente

162 1407 320 1452 captum
350 1414 449 1449 esse,
479 1401 572 1450 quia
600 1400 721 1450 Apim
749 1400 986 1438 trucidasset
1015 1400 1098 1449 (III
1120 1401 1203 1450 30).

268 1505 343 1553 Ita,
373 1518 491 1555 quam
513 1504 597 1555 ipse
618 1503 667 1542 de
687 1504 923 1553 calamitate,
952 1518 1031 1554 qua
1049 1504 1355 1543 Lacedaemonii
1378 1505 1509 1544 affecti
1529 1513 1634 1555 sunt,

162 1569 388 1619 opinionem
419 1568 549 1606 animo
570 1567 764 1617 concepit,
792 1567 894 1605 hanc
914 1567 1000 1605 illos
1020 1567 1204 1606 habuisse
1224 1568 1355 1606 finxit:
1390 1568 1473 1606 VII
1498 1570 1572 1608 133
1588 1583 1633 1619 sq

162 1637 295 1670 narrat
337 1631 601 1669 Athenienses
641 1636 680 1668 et
721 1629 1059 1669 Lacedaemonios
1100 1630 1220 1669 Darei
1263 1645 1479 1682 praecones
1515 1632 1634 1671 inter-

161 1695 320 1742 fecisse3
350 1699 512 1746 propter
530 1692 637 1744 quod
657 1693 784 1732 scelus
804 1707 894 1732 cum
914 1693 1151 1745 Talthybius
1171 1694 1286 1733 heros
1306 1694 1635 1735 Lacedaemoniis

162 1759 239 1797 iras
259 1763 425 1807 ceretur,
454 1756 679 1808 Sperthiam
709 1762 749 1795 et
766 1756 964 1806 Bulidem,
994 1762 1038 1795 ut
1064 1771 1137 1808 pro
1157 1757 1312 1796 illorum
1343 1772 1438 1797 nece
1466 1773 1634 1810 poenam

164 1821 322 1870 darent,
379 1819 484 1859 Susa
538 1820 735 1871 profectos
791 1834 814 1858 a
858 1819 995 1858 Xerxe
1045 1820 1260 1859 incolumes
1306 1821 1490 1861 dimissos
1537 1837 1632 1862 esse.

166 1886 239 1922 137
270 1885 387 1922 οὕτω
415 1882 723 1936 ἡΤαλθυβίου
753 1886 881 1934 μῆνις
910 1883 1143 1921 ἐπαύσατο
1172 1885 1220 1922 τὸ
1248 1886 1524 1935 παραυτίκα,
1554 1887 1632 1924 καί·

162 1963 228 1999 περ
265 1948 585 1997 ἀπονοστησάντων
623 1947 660 1988 ἐς
695 1946 860 1997 Σπάρτην
890 1946 1080 1997 Σπερθίεώ
1116 1962 1154 1984 τε
1191 1949 1251 1985 καὶ
1280 1946 1446 1990 Βούλιος.
1511 1949 1633 2000 χρόνῳ

163 2011 204 2048 δὲ
244 2010 437 2061 μετέπετεν
466 2011 589 2061 πολλῷ
620 2009 852 2061 ἐπηγέρθη
889 2009 982 2047 κατὰ
1010 2010 1069 2048 τὸν
1103 2009 1399 2061 Πελοποννησίων
1428 2013 1489 2050 καὶ
1513 2012 1629 2063 Ἀθη-

162 2075 269 2113 ναίων
305 2073 485 2123 πόλεμον,
523 2076 579 2114 ὡς
611 2073 800 2123 λέγουσι
830 2073 1198 2124 Λακεδαιμόνιοι.
1254 2074 1359 2112 τοῦτό
1390 2090 1449 2125 μοι
1479 2076 1515 2113 ἐν
1545 2078 1634 2114 τοῖσι

164 2136 349 2175 θειότατον
386 2137 551 2187 φαίνεται
584 2136 766 2184 γενέσθαι.
825 2136 877 2174 ὅτι
907 2137 971 2186 μὲν
1002 2137 1068 2187 γὰρ
1096 2136 1306 2189 κατέσκηψε
1337 2138 1375 2179 ἐς
1403 2138 1582 2187 ἀγγέλους
1612 2154 1634 2188 η

164 2199 373 2253 Ταλθυβίου
410 2202 511 2251 μῆνις
545 2199 631 2238 οὐδὲ
669 2199 878 2246 ἐπαύσατο,
922 2200 998 2251 πρὶν
1037 2199 1248 2251 ἤέξῆλθε,
1291 2202 1330 2239 τὸ
1368 2199 1503 2240 δίκαιον
1538 2202 1634 2240 οὕτω

164 2263 298 2316 ἔφερε,
341 2265 381 2301 τὸ
424 2265 464 2302 δὲ
508 2267 702 2315 συμπεσεῖν
748 2264 785 2306 ἐς
827 2264 909 2305 τοὺς
944 2266 1075 2306 παῖδας
1113 2268 1183 2303 τῶν
1221 2266 1358 2316 ἀνδρῶν
1392 2266 1528 2304 τούτων
1563 2270 1632 2304 τῶν

165 2329 372 2382 ἀναβάντων
402 2329 491 2380 πρὸς
520 2328 673 2381 βασιλέα
702 2328 760 2366 διὰ
788 2329 850 2379 τὴν
880 2331 995 2380 μῆνιν,
1026 2328 1136 2380 δῆλόν
1167 2344 1246 2380 μοι,
1282 2330 1334 2368 ὅτι
1362 2331 1459 2368 θεῖον
1490 2329 1633 2379 ἐγένετο

164 2394 205 2431 τὸ
232 2396 380 2444 πρῆγμα
410 2393 451 2431 ἐκ
479 2395 543 2443 τῆς
572 2394 715 2443 μήνιος;
750 2392 905 2431 Bulidis
934 2393 1038 2431 enim
1066 2393 1193 2431 filium
1222 2393 1431 2432 Nicolaum
1460 2398 1500 2431 et
1526 2392 1635 2431 Ane-

165 2456 305 2495 ristum
336 2454 563 2508 Sperthiae,
600 2470 690 2495 cum
727 2456 768 2494 in
797 2456 937 2495 Asiam
972 2456 1092 2509 legati
1129 2457 1395 2505 mitterentur,
1432 2456 1481 2494 ab
1509 2456 1635 2494 Athe-

166 2519 369 2559 niensibus
398 2523 535 2570 captos
563 2519 760 2571 supplicio
789 2519 951 2559 affectos
980 2534 1077 2559 esse.
1136 2519 1197 2558 Cf.
1224 2520 1296 2558 133
1327 2520 1379 2558 ὅτι
1407 2523 1497 2557 τοῖσι
1517 2519 1634 2570 Ἀθη-

164 2583 293 2620 ναίοισι
328 2585 440 2620 ταῦτα
473 2582 644 2633 ποιήσασι
679 2582 763 2624 τοὺς
794 2583 957 2634 κήρυκας
985 2584 1174 2633 συνήνεικε
1203 2582 1421 2633 ἀνεθέλητον
1451 2582 1635 2632 γενέσθαι,

165 2646 231 2685 οὐκ
261 2645 338 2698 ἔχω
368 2645 476 2693 εἶπαι,
497 2646 595 2699 Ξτλὴν
626 2646 678 2685 ὅτι
708 2645 830 2699 σφέων
861 2647 883 2697 ἡ
912 2648 1017 2699 χώρη
1047 2648 1107 2686 καὶ
1136 2648 1159 2697 ἢ
1187 2646 1290 2689 πόλις
1319 2646 1496 2697 ἐδηϊώθη.

1408 2715 1454 2748 2*
