1844 2898
788 76 1054 116 *ffi-

285 183 456 223 Etiamsi
474 183 537 223 his
556 182 740 224 omnibus
759 182 855 223 locis
883 182 934 221 ad
954 197 1013 232 ea,
1041 196 1143 234 quae
1166 182 1375 236 audiverit,
1403 179 1653 221 Herodotum

178 261 393 299 provocare
422 246 662 286 diceremus:
692 246 753 294 his
778 246 874 298 ipsis
902 246 999 285 locis
1018 247 1227 298 sententia,
1255 263 1375 300 quam
1403 243 1575 293 defendi,
1603 242 1653 282 de

178 309 377 349 Herodoti
411 309 590 348 fontibus
624 309 897 356 confirmatum
932 323 1040 358 nam,
1075 309 1316 351 audivisse
1350 326 1442 353 eum
1473 309 1654 351 videmus

179 372 228 411 de
269 378 465 411 terrarum
493 378 745 411 externarum
775 372 853 411 situ
884 377 928 416 ret
956 364 1097 411 natm-zi¹
1124 378 1165 412 et
1197 377 1410 421 nonnullas
1440 389 1502 415 res
1539 372 1654 412 bellis

179 435 392 474 Persarum
412 441 563 488 gestas3
592 434 662 475 sed
681 433 742 474 his
761 448 920 486 quoque
938 429 1049 485 locis,
1069 442 1225 488 praeter
1243 437 1287 477 ΙΙ
1302 441 1339 489 8,
1360 440 1406 480 18
1426 432 1489 478 IV
1511 439 1576 487 16,-
1589 438 1654 486 81,

179 499 274 538 licet
301 498 416 538 nobis
444 512 600 538 sumere
629 512 692 548 ea,
726 511 844 549 quae
873 498 996 550 apud
1024 499 1302 552 scriptorem
1331 502 1531 555 legerat,
1561 514 1655 539 eum

179 561 389 602 recordari.

292 651 355 691 Cf.
385 651 595 703 Thucyd.
617 651 637 689 I
657 652 700 689 4:
740 648 865 693 Μίνως
896 653 1115 695 παλαίτατος
1155 654 1204 692 ὧν
1240 655 1350 706 ἀκοῇ
1383 655 1505 706 ἴσμεν
1538 669 1655 697 ναυτι-

179 716 242 753 κὸν
272 716 463 766 ἐκτήσατο.

288 793 373 833 VII
394 796 443 833 87
480 793 612 846 ξυνέβη
644 793 747 845 ἔργον
776 797 880 832 τοῦτο
910 795 1076 845 μέγιστον
1106 796 1278 845 γενέσθαι
1310 798 1359 835 ὧν
1389 798 1498 848 ἀκοῇ
1518 794 1655 846 ζΕλλη-

178 860 286 897 νικῶν
316 857 450 909 ἴσμεν.

288 938 310 977 Ι
330 939 382 977 20
410 937 474 980 τὰς
502 937 635 979 ἀκοὰς
662 940 740 976 τῶν
768 939 1169 990 προγεγενημένων.

289 1010 310 1048 I
331 1011 381 1048 ‘13
411 1011 455 1048 τὰ
483 1012 576 1048 πάνυ
610 1009 748 1048 παλαιὰ
780 1011 817 1048 τί
847 1012 906 1049 δεῖ
930 1011 1068 1061 λέγειν,
1103 1013 1152 1050 ὧν
1187 1013 1314 1051 ἀκοαὶ
1347 1014 1484 1064 μᾶλλον
1519 1010 1656 1061 λόγων

183 1074 363 1125 μάρτυρες
396 1073 420 1123 ἢ
451 1072 551 1125 ὄψεις
584 1075 654 1110 τῶν
689 1073 966 1124 ἀκουσομένων;
1002 1073 1022 1111 Ι
1043 1075 1093 1112 23
1123 1076 1168 1112 τοί
1194 1090 1234 1113 τε
1267 1074 1439 1127 πρότερον
1468 1075 1564 1124 ἀκοῇ
1592 1074 1657 1125 μὲν

182 1135 365 1186 λεγόμενα
398 1135 461 1186 <11
484 1136 562 1174 102
595 1135 639 1173 τὰ
668 1136 734 1186 μὲν
762 1137 844 1186 περὶ
867 1134 1092 1188 Ἀλκμέωνα
1124 1141 1271 1176 τοιαῦτα
1304 1137 1522 1189 λεγόμενα
1549 1150 1658 1188 παρε-

182 1199 381 1251 λάβομεν),
415 1198 478 1237 VI
498 1199 548 1237 55
588 1198 642 1236 ὅτι
676 1199 717 1236 δὲ
750 1198 999 1251 πρεσβύτατος
1030 1201 1076 1238 ὢν
1103 1200 1246 1242 Ἱππίας
1278 1200 1401 1252 ἧρξεν,
1437 1200 1565 1241 εἰδὼς
1593 1199 1658 1250 μὲν

180 1263 243 1300 καὶ
275 1262 387 1312 ἀκοῇ
421 1261 733 1315 ἀκριβέστερον
763 1260 903 1300 ἄλλων
942 1263 1173 1315 ἰσχυρίζομαι
1209 1264 1277 1315 (cf.
1298 1264 1409 1313 120,
1442 1262 1504 1301 VI
1524 1263 1594 1311 54,
1622 1276 1659 1300 v,

181 1339 304 1377 supra
338 1339 377 1376 p·.
400 1325 490 1376 32),
517 1325 539 1363 Ι
560 1325 611 1363 20
644 1328 765 1376 κτῆμα
803 1326 841 1367 ἐς
874 1326 933 1363 ἀεὶ
965 1328 1100 1376 μᾶλλον
1129 1327 1154 1377 ἢ
1182 1328 1371 1378 ἀγώνισμα
1405 1327 1444 1368 ἐς
1470 1326 1511 1364 τὸ
1544 1339 1660 1376 παρα-

180 1391 309 1439 χρῆμα
337 1388 528 1427 ἀκούειν.

290 1464 473 1516 Platon.
503 1477 604 1530 Rep.
625 1478 670 1517 X
689 1480 728 1529 6,
748 1479 826 1518 605
855 1479 891 1517 οἱ
909 1480 976 1531 γάρ
1004 1494 1074 1518 που
1106 1480 1286 1532 βέλτιστοι
1304 1480 1408 1530 ἡμῶν
1436 1478 1660 1529 ἀκροώμε-

181 1555 246 1579 νοι
266 1540 468 1592 1Ομήρου
498 1542 522 1592 ἢ
550 1543 612 1580 καὶ
640 1541 755 1580 ἄλλου
784 1543 878 1584 τινὸς
904 1545 974 1581 τῶν
1004 1544 1298 1595 τραγῳδοποιῶν.

290 1631 335 1670 Χ
355 1632 393 1681 8,
414 1631 492 1671 608
521 1632 565 1670 οὐ
594 1633 842 1671 σπουδαστέον
873 1633 931 1671 ἐπὶ
958 1637 1004 1684 τῇ
1031 1633 1182 1684 τοιαύτη
1210 1634 1372 1684 ποιήσει,
1407 1634 1458 1674 ὥς
1486 1630 1662 1682 ἀληθείας

182 1711 222 1734 τε
243 1695 430 1746 ἁπτομένη
455 1696 517 1733 καὶ
536 1696 730 1747 σπουδαίᾳ,
761 1696 845 1734 ἀλλ’
860 1696 1084 1748 εὐλαβητέον
1106 1696 1216 1746 αὐτὴν
1238 1696 1276 1734 ὂν
1305 1697 1359 1748 τῷ
1378 1694 1659 1747 ἀκροωμένῳ.

291 1785 429 1824 Dion.
450 1784 553 1824 Hal.
576 1785 657 1824 iud.
678 1785 804 1825 Thuc.
826 1800 859 1825 c.
880 1788 926 1826 16
957 1787 1006 1824 ὧν
1026 1786 1292 1838 προνοούμενος
1311 1784 1427 1824 ἔοικεν
1456 1785 1569 1835 ἀτελῆ
1596 1784 1660 1834 τὴν

183 1849 338 1901 ἱστορίαν
366 1851 593 1896 καταλιπεῖν,
623 1852 673 1891 ὡς
700 1851 762 1888 καὶ
790 1848 997 1901 Κράτιππος
1029 1850 1231 1902 γέγραφενῑ,
1259 1849 1303 1887 οὖ
1332 1848 1441 1900 μόνον
1470 1850 1547 1890 ταῖς
1573 1848 1660 1899 πρά·

185 1916 261 1957 ζεσι
288 1913 353 1954 τὰς
375 1911 579 1964 (ρητορείας
607 1914 776 1965 ἐμποδὼν
805 1913 1025 1964 γεγενῆσθαι
1053 1912 1184 1963 λέγων,
1214 1912 1307 1951 ἀλλὰ
1335 1914 1423 1954 τοῖς
1451 1910 1662 1950 ἀκούουσι

184 1976 347 2029 ὀχληρὰς
373 1976 475 2015 εἶναι.

292 2057 415 2095 Plut.
443 2056 622 2108 Lysand.
648 2059 713 2096 12:
744 2058 797 2096 ὅτι
825 2056 1065 2108 εὐγνωμόνων
1086 2057 1106 2095 ὁ
1124 2057 1311 2109 Δαΐμαχος
1339 2057 1561 2108 ἀκροατῶν
1591 2055 1660 2093 δεῖ·

183 2133 241 2159 ται
269 2114 380 2171 δῆλόν
412 2120 525 2168 ἐστιν;
555 2120 622 2159 id:
651 2124 729 2163 πῶς
758 2122 814 2159 δεῖ
841 2121 901 2159 τὸν
929 2121 1009 2159 νέον
1038 2121 1290 2172 ποιημάτων
1319 2119 1511 2158 ἀκούειν.

293 2209 488 2249 Lucian.
504 2224 630 2250 somn.
649 2212 715 2249 14:
736 2210 882 2253 ἀκούεις
896 2213 966 2249 τῶν
981 2213 1139 2261 ποιητῶν
1154 2211 1224 2248 τῶν
1245 2208 1446 2260 λιεγύντωνςι
1461 2209 1620 2262 pmasit.
1636 2210 1661 2248 4

183 2273 295 2326 τέχνη
318 2274 426 2321 ἐστὶν,
456 2275 506 2315 ὡς
536 2274 610 2324 ἐγὼ
639 2274 920 2326 διαμνημονεύω
948 2276 1087 2325 σοφοῦ
1115 2287 1230 2315 τινος
1254 2273 1463 2320 ἀκούσας,
1493 2272 1662 2325 σύστημα

185 2338 227 2376 ἐκ
262 2337 507 2390 καταλήψεων
543 2337 920 2389 συγγεγυμνασμένων
955 2336 1044 2389 πρός
1077 2348 1109 2374 τι
1142 2336 1247 2379 τέλος
1280 2335 1481 2389 εὔχρηστον
1515 2338 1586 2374 τῶν
1623 2336 1661 2374 ἐν

184 2403 238 2453 τῷ
272 2402 340 2453 βίῳ
375 2399 566 2452 (Quintil.
590 2400 635 2439 Π
663 2402 723 2439 17.
762 2409 884 2440 artem
920 2407 1092 2439 constare
1130 2413 1175 2438 ex
1203 2400 1539 2452 praeceptionibus
1573 2413 1662 2438 con-

182 2464 430 2504 genuensibus
445 2469 481 2503 ez
492 2466 751 2503 coexercitatis
766 2466 820 2503 ad
820 2464 943 2514 finem
957 2465 1056 2502 vitae
1074 2464 1235 2514 uellem).
1259 2468 1333 2503 rat.
1348 2462 1439 2502 hist.
1460 2461 1576 2502 scrib.
1594 2462 1661 2501 14:

186 2527 481 2579 συγγραφέων
501 2529 603 2565 τινῶν
633 2528 828 2569 ἀκούσας
849 2556 858 2565 .
880 2556 888 2564 .
911 2557 919 2564 .
938 2556 946 2565 .
979 2527 1028 2566 32
1049 2526 1159 2568 ἄλλος
1184 2525 1414 2578 ἀστειότερον
1431 2524 1528 2576 παρὰ
1555 2525 1661 2570 πολύ,

185 2590 376 2641 ἀνέγνων
406 2590 474 2642 γάρ
494 2619 503 2628 .
526 2619 535 2629 .
558 2619 567 2628 .
590 2619 599 2628 .
