1844 2898
757 90 1023 130 ..54-

156 194 206 233 ab
235 195 464 244 Herodoto,
499 196 568 236 ubi
597 210 710 248 reges
737 212 762 235 a
789 197 929 236 Procle
957 196 1115 237 oriundi
1144 201 1445 246 enumerantur,
1477 202 1632 238 tantum

155 257 378 309 nominato,
405 252 515 302 VIII
546 260 608 310 11,
641 260 744 303 1313
759 262 812 311 a).
882 259 1007 302 Plane
1048 274 1141 301 vero
1176 258 1227 301 ad
1259 258 1466 301 arbitrium
1501 258 1631 301 Hero-

156 321 295 363 dotum
329 322 380 361 ad
414 322 757 365 Lacedaemonios
791 337 1027 374 provocasse
1063 324 1250 374 Ephorus
1291 322 1481 363 luculenti
1521 322 1632 361 testi*-

157 383 290 423 monio
332 388 412 434 est,
451 384 521 436 qui
560 384 793 438 Lycurgum
836 385 945 438 leges
987 385 1029 427 in
1072 384 1192 426 Creta
1233 384 1420 425 didicisse
1458 383 1631 436 (Herod.

156 447 259 487 αὐτοὶ
278 448 415 486 Λακεδ.
444 448 594 498 λέγουσι
614 449 822 500 Λυκοῦργον
852 450 894 489 ἐκ
925 449 1073 501 Κρήτης
1100 448 1464 499 ἀγαγέσθανταῦτα)
1491 463 1515 488 a
1535 447 1633 487 Cre-

155 510 337 551 tensibus
365 511 515 553 narrari
543 510 645 551 dixit
678 509 828 562 (Strab.
858 512 931 553 1.1.
966 512 1179 563 λέγεσθαι
1211 511 1244 553 δ’
1266 512 1344 551 ὑπὸ
1373 510 1552 564 Κρητῶν
1583 513 1633 554 ὡς

155 576 218 617 καὶ
245 575 329 627 παρ’
354 575 485 617 αὐτοὺς
513 576 678 627 ἀφίκοιυο
708 576 918 628 Λυκοῦργος
936 592 972 616 κ.
987 592 1019 616 τ,
1035 577 1101 627 λ.).
1158 578 1207 617 cf.
1236 576 1439 617 Plutarch.
1468 576 1567 628 Lyc.
1589 580 1631 615 4:

158 637 388 688 Αἰγύπτιοι
414 639 475 677 καὶ
502 639 591 690 πρὸς
619 638 751 682 αὐτοὺς
779 639 979 691 ἀφικέσθαι
993 641 1065 683 (τὸν
1096 640 1305 692 Λυκοῦργον
1334 639 1510 680 οἴονται.

265 738 350 778 VII
377 741 452 778 148
474 754 522 791 sq
556 739 729 792 Argivos
763 754 921 779 narrare
956 741 1070 791 dicit,
1105 756 1146 780 se
1180 741 1330 790 statim,
1364 754 1454 780 cum
1487 739 1632 780 bellum

156 802 334 851 instaret,
363 802 567 846 oraculum
588 802 831 858 Delphicum
850 804 1095 846 consuluisse
1124 809 1164 842 et
1186 804 1315 845 iussos
1343 803 1393 845 ab
1421 817 1468 842 eo
1495 816 1634 855 pacem

157 879 274 919 agere
307 870 442 905 tamen
471 864 639 906 Graecis
667 880 709 906 se
738 866 928 909 auxilium
957 867 1108 908 laturos
1135 867 1275 918 fuisse,
1308 867 1341 907 si
1370 865 1534 910 dimidia
1561 864 1634 907 im‘-

157 929 257 980 perii
286 943 379 981 pars
407 929 505 981 ipsis
533 943 721 970 concessa
749 936 868 978 esset3
898 945 1016 981 quam
1046 931 1320 972 condicionem
1349 943 1439 969 cum
1460 929 1634 969 Graeco-

158 1006 246 1031 rum
275 991 397 1045 legati
425 990 714 1047 repudiassent,
744 1006 786 1032 se
815 1007 881 1032 eos
910 1008 958 1032 ex
987 993 1107 1033 curbe
1136 992 1276 1032 cedere
1304 992 1477 1033 iussisse.

271 1066 346 1105 150
375 1064 499 1105 αὐτοὶ
527 1065 592 1115 μὲν
628 1063 813 1117 Ἀργεῖοι
841 1069 1000 1108 τοσαῦτα
1028 1066 1164 1105 τούτων
1198 1065 1280 1117 πέρι
1313 1065 1511 1116 λέγουσι,
1545 1065 1635 1106 ἔστι

159 1129 201 1169 δὲ
230 1127 361 1170 ἄλλος
395 1127 526 1178 λόγος
560 1126 798 1180 λεγόμενος
831 1129 911 1169 ἀνὰ
945 1130 1018 1180 τὴν
1040 1128 1252 1169 ‘Enniam
1294 1128 1490 1179 Xerxem,
1525 1134 1636 1169 ante-

161 1205 282 1243 quam
311 1191 353 1230 in
384 1188 595 1230 Graeciam
624 1190 978 1242 profiicisceretur,
1017 1192 1188 1245 Argivos
1216 1205 1289 1243 per
1315 1191 1466 1244 legatos
1494 1191 1637 1232 adhor-

157 1259 286 1298 tatum
315 1267 414 1303 esse,
443 1267 493 1293 ne
522 1259 661 1295 contra
679 1253 836 1304 Persas,
865 1255 1004 1294 Persei
1023 1255 1166 1307 Argivi
1195 1255 1359 1306 prolem,
1388 1254 1636 1305 dimicarent,

157 1323 277 1369 atque
306 1316 481 1369 Argivos
510 1331 557 1355 eo
591 1317 733 1356 nuntio
768 1323 986 1357 commotos
1018 1317 1117 1357 illud
1150 1333 1174 1356 a
1202 1316 1368 1358 Graecis
1401 1319 1637 1370 postulasse,

157 1381 259 1424 bene
303 1394 450 1432 gnaros
489 1379 688 1431 repulsam
724 1394 766 1419 se
806 1381 956 1423 laturos
990 1395 1088 1420 esse.
1145 1381 1241 1419 οὕτω
1282 1380 1323 1420 δὲ
1365 1380 1637 1433 ἐπισταμένους,

161 1444 218 1483 ὅτι
249 1444 294 1487 οὐ
330 1445 586 1496 μεταδώσουσι
626 1446 691 1495 τῆς
723 1444 841 1496 ἀρχῆς
876 1443 1175 1496 Λακεδαιμόνιοι,
1227 1444 1446 1495 μεταιτέειν,
1489 1444 1546 1483 ἵνα
1580 1445 1638 1484 ἐπὶ

158 1508 359 1561 προφάσιος
385 1507 542 1559 ἡσυχίην
571 1506 700 1558 ἄγωσι.

271 1573 342 1613 151
377 1575 615 1623 συμπεσεῖν
646 1572 687 1611 δὲ
716 1572 914 1612 τούτοισι
941 1573 1003 1613 καὶ
1031 1571 1157 1611 τόνδε
1190 1572 1260 1610 τὸν
1296 1568 1423 1622 λόγον
1460 1571 1643 1622 λέγουσι’

159 1650 273 1679 τινες
295 1634 540 1686 (Ελλήνωνε
575 1648 666 1674 cum
699 1636 821 1687 legati
849 1635 1093 1687 Argivorum
1128 1649 1209 1676 una
1236 1649 1327 1676 cum
1357 1634 1485 1674 Callia
1510 1635 1639 1676 Athe-

160 1700 340 1744 neniensi
374 1697 490 1739 Susis
523 1705 795 1749 versarentur,
837 1699 1098 1738 Artaxerxem
1142 1698 1289 1738 dixisse
1330 1698 1489 1749 foeduS,
1531 1699 1640 1751 quod
1710 1730 1712 1732 -

159 1764 319 1804 Xerxes
347 1777 438 1806 cum
465 1763 544 1804 illis
564 1763 736 1812 fecisset,
767 1763 972 1803 etiamtum
994 1763 1121 1801 valere
1142 1762 1295 1812 sibique
1315 1762 1492 1802 omnium
1512 1762 1639 1802 Grae-

159 1842 297 1871 corum
325 1826 500 1879 Argivos
528 1826 699 1866 maxime
727 1826 768 1865 in
796 1825 948 1867 deliciis
976 1839 1076 1865 esse.

273 1902 349 1941 152
383 1901 416 1939 εἰ
447 1900 513 1952 μέν
547 1915 609 1938 νυν
640 1899 780 1952 Ξέρξης
814 1914 854 1938 τε
889 1899 1083 1952 ἀπέπεμψε
1123 1901 1236 1937 ταῦτα
1270 1897 1464 1948 λέγοντα
1496 1900 1640 1951 κήρυκα

164 1967 202 2009 ἐς
223 1965 362 2018 Ἀργος
388 1966 451 2003 καὶ
475 1963 655 2016 Ἀργείων
685 1963 834 2014 ἄγγελοι
863 1963 1061 2015 ἀναβάντες
1088 1963 1127 2004 ἐς
1145 1962 1267 2000 Σοῦσα
1288 1962 1494 2013 ἐπειρώτων
1511 1961 1638 2015 Ἀρτο-

162 2030 289 2082 ξέρξεα
316 2029 399 2080 περὶ
424 2028 566 2080 φιλίης,
603 2027 686 2065 οὐκ
716 2025 806 2078 ἔχω
836 2026 1062 2077 ἀτρεκέως
1090 2026 1250 2071 εἰπεῖν,
1278 2025 1382 2063 οὐδέ
1410 2039 1505 2063 τινα
1532 2027 1639 2076 γνώ-

161 2107 246 2144 μην
286 2092 389 2143 πιρὶ
432 2090 577 2129 αὐτῶν
621 2089 927 2141 ἀποφαίνομαι
969 2088 1108 2140 ἄλλην
1142 2103 1192 2138 γε
1227 2088 1252 2138 ἣ
1290 2088 1365 2139 τήν
1399 2103 1479 2139 περ
1516 2088 1640 2127 αὐτοὶ

155 2156 368 2207 Ἀργεῖοι
396 2153 597 2204 λέγουσι.

271 2216 392 2267 Quod
421 2218 496 2256 150
521 2215 754 2256 Herodotus
792 2221 927 2255 narrat
965 2214 1059 2265 (ἔστι
1093 2213 1202 2265 λόγος
1240 2213 1438 2265 λεγόμενος
1475 2213 1542 2252 ἀνὰ
1575 2215 1639 2265 τὴν

156 2280 360 2331 Ἑλλάδα),
398 2294 479 2323 non
511 2285 616 2328 tum,
659 2293 750 2319 oum
782 2279 956 2318 Athenis
988 2277 1238 2326 versabatur,
1280 2276 1427 2316 Graeci
1464 2276 1567 2318 inter
1598 2291 1640 2316 se

162 2343 377 2385 narrabant
409 2348 529 2395 atque
557 2342 614 2382 ita
646 2343 712 2382 ille
746 2342 956 2395 comperit,
990 2340 1100 2381 sed
1089 2355 1177 2393 ipsa
1203 2339 1353 2381 Xerxis
1386 2339 1479 2379 belli
1512 2345 1640 2380 aetate

162 2423 187 2447 a.
210 2406 377 2450 Graecis
406 2406 645 2457 quibusdam
664 2406 906 2459 Argivorum
936 2405 1028 2444 odio
1056 2404 1096 2443 id
1122 2404 1326 2443 inventum
1356 2409 1398 2442 et
1423 2418 1495 2455 per
1513 2403 1640 2443 Grae-

162 2471 265 2513 ciam
297 2470 505 2523 vulgatum
538 2469 588 2509 ab
623 2469 702 2509 illis
733 2468 1012 2521 scriptoribus,
1045 2466 1097 2506 ad
1130 2481 1230 2518 quos
1258 2471 1465 2518 provocat,
1492 2480 1641 2505 memo-

162 2539 292 2578 ratum
335 2547 421 2574 esse
456 2547 504 2573 ex
537 2532 664 2585 ipsius
696 2531 894 2572 Herodoti
932 2530 1064 2570 verbis
1104 2531 1326 2571 luculenter
1367 2528 1475 2568 cerni
1511 2534 1643 2581 potest

162 2599 381 2649 (ευμπιαιῖν
401 2597 559 2636 τούτοισι
588 2624 597 2633 .
620 2624 629 2633 .
652 2623 662 2635 .
691 2594 842 2645 λέγουσι,
858 2593 1193 2645 τινὲς“Ελλήνων);
1213 2594 1321 2644 item,
1341 2591 1447 2644 quod
1467 2591 1642 2644 Argivos
