1844 2898
784 90 1051 131 ..12—

179 209 285 243 runt.
332 219 370 244 v.
388 218 427 255 p.
451 205 488 243 ὃ.
537 204 725 259 Cogitare
754 207 858 246 enim
888 207 1065 258 profecto
1094 220 1210 245 nemo
1238 208 1363 257 volet,
1406 207 1656 247 Herodotum

180 274 336 319 praeter
365 267 704 310 Lacedaemonios
734 271 945 310 nonnullos
965 270 1141 310 Graecos
1169 270 1348 310 homines
1375 272 1415 310 in
1436 271 1523 311 aliis
1542 271 1656 323 oppi-

179 330 241 368 dis
270 331 435 378 adiisse,
473 347 496 369 a
524 333 669 383 quibus
699 333 747 371 de
777 333 965 384 Lycurgo
994 333 1143 383 aliquid
1173 333 1408 384 comperiret
1434 335 1486 381 (οἱ
1515 334 1580 384 μὲν
1609 335 1654 384 δή

180 410 270 438 τινες
290 397 438 448 λέγουσι
463 424 508 428 ——
533 400 582 440 ὡς
603 389 742 435 δἀὐτοὶ
760 397 921 436 Λακεόαι
942 395 1057 448 μόνιοι
1078 396 1243 448 λέγουσι)
1263 410 1409 449 eosque
1430 411 1509 436 non
1528 396 1655 436 solum

181 460 215 497 ei
237 463 449 511 rettulisse,
482 462 711 513 Lycurgum
742 462 849 513 leges
870 476 892 500 a
911 461 1057 513 Pythia
1085 461 1296 513 accepisse,
1325 461 1394 501 sed
1423 462 1539 501 etiam
1569 476 1657 500 ora-

179 523 313 563 culum
343 525 440 564 illud
472 524 695 574 memoriter
724 524 910 564 recitasse
939 530 1007 563 aut
1035 539 1083 563 ex
1113 521 1268 564 scrihiis
1293 524 1600 577 deprompsisse.

288 644 365 684 His
402 645 499 684 locis
534 658 663 683 rerum
699 643 1038 695 Aegyptiac-arum
1081 644 1293 696 scriptores
1334 644 1495 696 respicit
1537 645 1591 694 (v.
1615 658 1654 695 p.

181 709 218 755 8,
251 709 336 757 10);

286 807 329 846 II
355 809 428 845 134
476 806 668 859 Πυραμίδα
698 806 900 859 Μυκερῖνος
935 808 1127 846 ἀπελίπετο
1138 838 1148 857 ,
1184 809 1246 859 τὴν
1282 810 1326 859 δὴ
1364 825 1388 859 μ
1397 823 1414 847 ε
1424 824 1441 847 τ
1452 808 1520 851 εΕέ
1531 823 1548 846 τ
1560 823 1577 846 ε
1588 808 1659 860 ροί

178 884 288 921 φασι
314 871 321 884 ‘
336 870 552 921 Ελλήνων
577 870 783 912 εΡοδώπιος
816 872 960 922 ἑταίρης
996 873 1164 920 γυναικὸς
1198 872 1305 917 εἶναι,
1340 873 1406 910 οὐκ
1442 873 1560 922 ὀρθῶς
1596 872 1653 909 λέ-

177 949 312 984 γοντες.

285 1044 327 1082 II
351 1045 400 1082 36
439 1043 626 1093 Αἰγύπτιοι
656 1045 710 1082 ἀπ’
746 1045 907 1095 ὀλυρέων
942 1049 1121 1083 ποιεῦνται
1151 1046 1262 1091 σιτία,
1300 1046 1363 1087 τὰς
1393 1046 1489 1088 ζειὰς
1518 1061 1653 1097 μετε-

179 1109 358 1160 ξέτεροι
386 1108 616 1147 καλέουσι.

285 1216 326 1255 II
353 1217 426 1256 125
457 1218 612 1268 ἐποιήθη
646 1219 668 1267 ᾗ
697 1219 853 1268 πυραμὶς
881 1219 1104 1270 ἀναβαθμῶν
1134 1217 1285 1270 τρόπον,
1321 1219 1384 1260 τὰς
1421 1234 1471 1269 με
1484 1218 1652 1260 τεξέτε-

175 1295 245 1330 ροι
273 1280 497 1330 κρόσσας,
527 1282 570 1318 οἱ
600 1282 645 1318 δὲ
677 1282 883 1332 βωμίδας
911 1282 1227 1331 οὐνομάζουσι.

282 1389 326 1427 Π
353 1390 425 1427 130
454 1391 572 1441 ἀγχοῦ
602 1394 665 1439 τῆς
688 1391 772 1441 βοὸς
798 1391 932 1440 ταύτης
952 1390 1091 1432 εἰκόνες
1112 1394 1181 1428 τῶν
1201 1391 1417 1429 παλλακέων
1439 1394 1508 1428 τῶν
1530 1390 1652 1429 Μυκε-

175 1452 272 1502 ρίνου
300 1454 436 1502 ἑστᾶσι,
467 1457 522 1495 ὡς
553 1453 714 1503 ἔλεγον
744 1454 787 1490 οἱ
817 1454 860 1491 ἐν
882 1453 964 1490 Σοίϊ
991 1452 1091 1491 πόλι
1122 1453 1252 1504 ἱρέες.
1305 1454 1372 1493 131
1408 1454 1513 1492 οἵδέ
1535 1469 1653 1495 τινες

176 1515 365 1564 λέγουσι
400 1519 481 1568 περὶ
515 1521 578 1567 τῆς
615 1518 699 1569 βοὸς
734 1517 867 1567 ταύτης
901 1518 961 1555 καὶ
998 1521 1067 1555 τῶν
1098 1519 1283 1556 κολοσσῶν
1313 1516 1418 1556 τόνδε
1447 1518 1506 1556 τὸν
1544 1517 1652 1568 λόγον

177 1606 345 1617 ......
367 1584 480 1618 ταῦτα
502 1582 544 1618 δὲ
565 1581 713 1630 λέγουσι
733 1581 989 1632 φλυαρέοντες,
1017 1583 1066 1622 ὡς
1086 1581 1160 1630 ἐγὼ
1180 1581 1312 1618 δοκέω.
1343 1581 1445 1619 cf.II
1465 1583 1552 1629 175,
1570 1583 1652 1619 181.

284 1689 305 1727 Ι
326 1679 380 1727 27*
409 1690 542 1727 ἐόντων
572 1691 605 1726 οἱ
633 1692 773 1727 πάντων
794 1691 945 1740 ἑτοίμων
967 1692 1005 1731 ἐς
1024 1691 1086 1739 τὴν
1106 1691 1321 1741 ναυπηγίην,
1350 1692 1389 1727 οἱ
1418 1691 1496 1740 μὲν
1519 1689 1654 1728 Βίαντα

176 1752 363 1800 λέγουσι
398 1753 457 1789 τὸν
499 1752 659 1803 Πριηνέα
698 1752 913 1802 ἀπικόμενον
954 1754 992 1794 ἐς
1028 1752 1177 1803 Σάρδις,
1220 1754 1261 1790 οἱ
1297 1754 1345 1790 δὲ
1385 1752 1557 1790 Πιττακὸν
1594 1753 1652 1789 τὸν

177 1814 436 1865 Μυτιληναῖον,
467 1815 657 1866 εἰρομένου
689 1814 861 1866 Κροίσου,
892 1816 929 1854 εἴ
952 1831 984 1854 τι
1013 1816 1273 1867 εἴηκνεώτερον
1294 1817 1374 1867 περὶ
1399 1814 1652 1865 τὴν(Ελλάδα,

175 1876 322 1915 εἰπόντα
350 1880 437 1916 τάδε
467 1883 695 1916 καταπαῦσαι
724 1880 789 1928 τὴν
818 1880 1032 1929 ναυπηγίην.
1078 1878 1304 1931 Ὢβασιλεῦ,
1339 1882 1513 1929 νησιῶται
1549 1880 1651 1916 ἵππον

176 1954 414 1981 συνωνεονται
444 1943 573 1994 μυρίην
603 1959 636 1982 κ.
653 1958 683 1981 τ.
700 1944 732 1981 λ.
797 1943 994 1983 Dixerunt
1022 1943 1233 1995 scriptores
1263 1947 1468 1995 poetarum
1498 1941 1654 1994 sapien—

175 2010 340 2054 tumque
371 2020 432 2044 res
462 2012 691 2044 enarrantes
722 2008 779 2056 (p.
803 2007 856 2056 8).

284 2115 349 2153 III
372 2117 420 2152 45
465 2117 506 2152 οἱ
541 2117 620 2165 μὲν
659 2117 709 2165 δὴ
740 2116 931 2165 λέγουσι
959 2116 1043 2156 τοὺς
1072 2113 1377 2165 ἀποπεμφθέντας
1406 2115 1551 2164 Σαμίων
1586 2115 1653 2152 ὑπὸ

178 2176 433 2229 Πολυκράτεος
459 2179 525 2216 οὐκ
546 2178 741 2217 ἀπικέσθαι
771 2179 808 2221 ἐς
830 2178 1023 2228 Αἴγυπτον,
1052 2179 1092 2216 οἱ
1120 2179 1168 2216 δὲ
1197 2178 1387 2228 λέγουσι
1416 2176 1655 2228 ἀπικομένους

178 2242 216 2283 ἐς
248 2241 425 2291 Αἴγυπτον
457 2243 623 2280 ἐνθεῦτεν
654 2242 785 2284 αὐτοὺς
813 2244 1024 2294 ἀποδρῆναι.
1086 2243 1172 2280 εἰσὶ
1208 2242 1256 2280 δὲ
1286 2242 1327 2280 οἳ
1354 2241 1544 2291 λέγουσι
1573 2240 1655 2282 τοὺς

176 2305 230 2341 ἀπ’
267 2304 452 2354 Αἰγύπτου
481 2309 623 2355 νικῆσαι
655 2305 912 2357 Πολυκράτεα,
950 2305 1118 2355 λέγοντες
1148 2306 1230 2355 ἐμοὶ
1258 2305 1397 2342 δοκέειν
1427 2304 1492 2341 οὐκ
1523 2304 1653 2354 ὀρθῶς.

285 2415 451 2453 111120
476 2414 645 2466 Ὀροίτης
683 2416 896 2465 ἐπεθύμησε
934 2416 1055 2466 λαβὼν
1089 2413 1326 2465 Πολυκράτεα
1360 2413 1555 2458 ἀπολέσαι,
1598 2416 1656 2455 ὡς

177 2478 257 2528 μὲν
295 2479 334 2515 οἱ
360 2481 549 2520 πλεῦνες
586 2478 794 2528 λέγουσι,
836 2478 894 2515 διὰ
931 2478 1074 2527 τοιήνδε
1109 2477 1185 2515 τινὰ
1222 2477 1349 2528 αἰτίην.
1409 2478 1498 2515 121.
1527 2478 1568 2514 οἱ
1605 2478 1654 2514 δὲ

177 2541 429 2583 ἐλάσσονες
466 2542 675 2591 λέγουσι,
717 2541 858 2592 πέμψαι
890 2539 1058 2591 Ὀροίτην
1104 2540 1142 2581 ἐς
1180 2539 1300 2590 Σάμον
1337 2541 1479 2590 κήρυκα
1514 2554 1547 2577 κ.
1569 2555 1600 2578 τ.
1621 2542 1654 2577 λ.

176 2602 243 2650 Ad
275 2603 737 2657 horographos·'Ionicos
767 2603 998 2642 Herodotus
1027 2608 1225 2654 provocat.
1274 2602 1324 2641 V.
1345 2617 1383 2654 p.
1405 2604 1443 2641 8.
