1844 2898
751 94 1018 132 ...15-

239 199 340 238 *VII
367 201 445 240 226
501 200 717 239 Dienecem
760 199 1000 251 Spartanum
1045 200 1143 238 illud
1186 200 1234 237 de
1276 201 1415 238 umbra
1455 200 1614 246 dixisse,

147 267 260 303 ταῦτα
295 265 371 304 καὶ
406 263 520 303 ἄλλα
561 263 894 316 τοιουτότροπα
937 262 1047 303 ἔπεά
1088 276 1198 316 φασι
1234 264 1410 315 Διηνέκεα
1449 264 1616 302 λιπέσθαι

147 326 374 378 μνημόσυνα.
930 326 934 328 ’

254 429 320 469 IX
340 430 390 470 82
420 430 602 481 λέγεται
632 430 678 468 δὲ
707 430 783 468 καὶ
811 431 862 468 τά
890 431 937 468 δε
966 429 1200 480 γενέσθαι.
1257 428 1495 469 Pausaniam
1526 435 1615 481 post

149 506 324 546 pugnam
361 493 634 532 Plataeensem
669 499 709 531 et
743 493 944 531 Persicam
982 499 1021 531 et
1054 493 1409 532 Lacedaemoniam
1454 506 1613 530 coenam

148 570 379 610 apparasse,
415 563 460 595 ut
488 556 634 596 Graeci
663 556 921 595 barbarorum
949 556 1162 595 vanitatem
1191 556 1479 608 perspicerent;
1522 556 1613 593 item

147 620 404 671 Thucydides
441 621 482 658 in
517 620 738 658 Pausaniae
775 620 939 658 historia
976 620 1012 669 (Ι
1043 623 1111 668 95,
1148 621 1359 669 128-34)
1396 620 1415 656 I
1447 620 1520 656 132
1559 622 1617 659 ὡς

147 682 353 735 λέγεται,
392 683 411 721 ὁ
441 682 583 734 μέλλων
617 682 680 725 τὰς
708 683 919 724 τελευταίας
949 683 1091 736 βασιλεῖ
1118 683 1305 725 ἐπιστολὰς
1333 683 1420 734 πρὸς
1444 681 1615 733 Ἀρτάβα-

150 750 206 789 ζον
232 751 368 797 κομιεῖν
388 748 550 796 μηνυτὴς
569 750 744 796 γίγνεται;
778 748 853 783 134
883 747 1069 795 λέγεται
1098 746 1238 783 δἀὐτὸν
1261 747 1437 796 μέλλοντα
1459 747 1615 795 ’ξυλληφ-

149 810 328 862 θήσεσθαι
358 810 394 847 ἐν
423 810 468 860 τῇ
490 810 577 862 ὁδῷ,
606 809 686 851 ἑνὸς
704 812 774 847 τῶν
795 808 939 862 ἐφόρων
959 810 998 848 τὸ
1018 808 1209 861 πρόσωπον
1229 808 1437 861 προσιόντος
1456 811 1505 850 ὡς
1527 807 1615 856 εἶδε,

148 878 281 923 γνῶναι
310 872 369 925 ἐφ’
399 872 430 924 ᾧ
460 874 608 925 ἐχώρει.

254 987 338 1026 VII
359 988 410 1026 20
437 987 551 1026 κατὰ
580 987 631 1026 τὰ
660 987 891 1039 λεγόμενα
926 988 984 1026 τὸν
1010 987 1224 1040 Ἀτρειδέων
1263 988 1300 1029 ἐς
1327 986 1434 1025 Ἴλιον
1476 986 1615 1025 στόλον.

253 1096 296 1135 II
322 1097 394 1135 145
423 1097 584 1150 Διονύσῳ
614 1099 666 1150 τῷ
694 1098 735 1136 ἐκ
765 1097 931 1149 Σεμέλης
959 1097 1191 1150 λεγομένῳ
1221 1096 1403 1147 γενέσθαι.

255 1205 361 1244 VIII
381 1208 431 1245 55
460 1207 546 1257 νηὸς
570 1205 772 1258 Ἐρεχθέος
799 1211 862 1245 τοῦ
891 1207 1065 1258 γηγενέος
1094 1206 1347 1256 λεγομένου
1380 1207 1480 1244 εἶναι.

252 1316 295 1354 ΙΙ
321 1317 388 1355 181
422 1318 463 1370 τὸ
492 1318 563 1367 ἱρὸν
593 1319 633 1355 τὸ
663 1319 699 1356 ἐν
722 1318 839 1369 Λίνδῳ
869 1319 909 1356 τὸ
939 1322 1001 1368 τῆς
1024 1318 1219 1369 Ἀθηναίης
1248 1318 1435 1366 λέγεται
1464 1317 1527 1357 τὰς
1553 1320 1616 1354 τοῦ

146 1380 287 1417 Δαναοῦ
318 1380 517 1432 θνγατέρας
546 1381 771 1432 ἱδρύσασθαι.

254 1488 291 1527 V
306 1490 359 1529 80
382 1489 547 1529 Ἀσωποῦ
567 1493 588 1529 λ
599 1491 617 1528 έ
628 1505 676 1540 γο
687 1506 784 1529 νται
808 1491 978 1540 γενέσθαι
999 1492 1197 1543 θυγατέρες
1218 1492 1322 1543 Θήβη
1346 1506 1383 1530 τε
1399 1496 1459 1533 καὶ
1478 1495 1615 1545 Αἴγινα.

254 1597 336 1636 VII
360 1600 434 1637 193
465 1598 540 1637 ἔστι
568 1602 689 1650 χῶρος
710 1601 746 1637 ἐν
766 1605 817 1651 τῷ
837 1600 963 1652 κόλπῳ
985 1604 1047 1650 τῆς
1068 1600 1293 1652 Μαγνησίης,
1325 1602 1412 1640 ἔνθα
1433 1603 1616 1652 λέγεται

146 1662 204 1699 τὸν
226 1661 234 1675 ‘
249 1660 421 1714 Ηρακλέα
449 1664 736 1715 καταλειφθῆναι
766 1665 833 1702 ὑπὸ
860 1663 1018 1715 Ἰήσονος
1045 1679 1078 1702 κ.
1096 1680 1126 1703 τ.
1144 1667 1175 1702 λ.

254 1770 337 1809 VH
363 1772 434 1810 ¹98
464 1771 574 1814 ἅλλθς
600 1774 774 1823 “way-bc,
804 1778 854 1825 τῷ
874 1773 1010 1824 οὔνομα
1030 1774 1153 1812 κέεται
1173 1775 1303 1826 Δύρας,
1332 1776 1389 1813 τὸν
1412 1776 1616 1827 βοηθέοντα

146 1839 196 1887 τῷ
222 1834 402 1887 Ἡρακλέϊ
427 1835 561 1886 λόγος
590 1837 684 1875 ἐστὶ
712 1838 945 1889 ἀναφανῆναι.

255 1945 338 1984 VII
367 1947 438 1984 170
466 1945 656 1996 λέγεται
686 1946 805 1985 Μίνων
835 1947 927 1986 κατὰ
956 1948 1098 1998 ξήτησιν
1128 1948 1309 1986 Δαιδάλου
1339 1948 1555 2000 ἀπικόμενον
1579 1951 1616 1991 ἐς

146 2008 314 2058 Σικανίην
345 2010 538 2046 ἀποθανεῖν
568 2024 601 2047 κ.
617 2025 648 2047 τ.
664 2012 698 2047 λ.

253 2118 319 2156 III
343 2120 416 2157 116
447 2119 534 2169 πρὸς
563 2118 694 2169 ἅκρτου
724 2122 787 2169 τῆς
808 2117 985 2170 Εὐρώπης
1004 2122 1169 2161 πλεῖστος
1188 2122 1325 2172 χρυσὸς
1345 2122 1508 2172 φαίνεται
1530 2123 1614 2161 ἐών.

147 2182 242 2223 ὅκως
285 2183 348 2232 μὲν
387 2181 592 2232 γινόμενος,
634 2182 699 2219 οὐκ
736 2181 815 2233 ἔχω
850 2186 951 2220 τοῦτο
989 2184 1170 2234 ἀτρεκέως
1208 2184 1324 2225 εἶπαι.
1364 2185 1545 2235 λέγεται
1575 2188 1615 2236 γὲ

149 2245 239 2283 ὑπὲκ
296 2249 365 2283 τῶν
422 2248 565 2297 γρυπῶν
622 2246 789 2297 ἁρπάζειν
833 2246 1073 2298 Ἀριμασποὺς
1119 2246 1250 2299 ἄνδρας
1296 2250 1614 2301 μουνοφθάλμους.

146 2307 208 2346 IV
246 2309 289 2346 13
346 2308 431 2360 ἔφη
468 2308 702 2360 Ἀριστέης
740 2310 957 2361 Ἰσσηδόνων
1002 2312 1223 2362 ὑπεροικέειν
1258 2312 1495 2363 Ἀριμασποὺς
1527 2314 1561 2351 ἅ.
1579 2330 1615 2364 μ.

150 2372 237 2424 ὑπὲρ
266 2372 307 2410 δὲ
337 2372 472 2411 τούτων
501 2373 585 2415 τοὺς
612 2373 897 2426 χρυσοφύλακας
926 2377 1071 2426 γρῦπας.

252 2485 388 2525 11117
426 2486 488 2538 τὴν
527 2478 577 2525 ἐν1
600 2488 755 2526 τούτοισι
793 2491 881 2527 τοῖσι
919 2488 1064 2542 Αἰθίοψι
1099 2490 1349 2542 λεγομένην
1388 2490 1476 2530 εἶναι
1511 2492 1615 2543 ἡλίου

146 2550 336 2600 τράπεζαν,
369 2551 416 2588 18
445 2565 469 2600 η
498 2552 657 2601 τράπεζα
685 2555 747 2589 τοῦ
776 2553 879 2602 ἡλίου
909 2554 1031 2603 τοιήδε
1059 2568 1110 2595 τις
1139 2553 1331 2603 λέγεται
1360 2554 1467 2603 εἶναι,
1503 2556 1555 2594 20
1582 2557 1617 2593 οἱ

137 2610 309 2655 Αἰθίοπες
351 2612 448 2652 οὗτοι
490 2613 702 2664 λέγονται
744 2614 834 2654 εἶναι
884 2615 1045 2668 μέγιστοι
1092 2617 1153 2655 καὶ
1193 2617 1376 2656 κάλλιστοι
1417 2619 1617 2671 ἀνθρώπων
