1844 2898
792 70 1059 109 ...10-

186 175 312 224 Indis,
333 175 588 228 Massagetis,
608 177 657 216 de
673 176 865 227 Caucaso,
879 178 1010 216 Araxe
1031 177 1164 227 fluvio,
1184 177 1233 216 de
1250 176 1411 228 Arabia,
1431 177 1659 230 Aethiopia,

185 237 234 277 de
255 238 422 290 Libyae,
444 239 651 290 Thraciae,
678 240 863 293 Scythiae
884 246 1008 293 parte,
1039 240 1135 279 haec
1163 254 1322 291 quoque
1350 246 1659 281 cousentaneum

185 307 245 339 est
273 316 352 339 non
383 316 430 340 ex
459 309 669 342 nautarum
700 310 1040 355 mercatorumque
1070 318 1135 342 ore
1164 304 1328 343 fortuito
1351 319 1441 343 eum
1460 304 1659 356 accepisse

185 371 254 402 aut
282 366 557 416 exquisivisse,
588 367 658 406 sed
687 382 734 405 ex
762 368 1079 420 geographorum
1107 367 1217 407 libris
1246 367 1493 419 cognovisse,
1522 367 1659 418 quales

183 433 269 465 tum
298 428 461 468 fuerunt
491 429 788 479 Hecataeus,
817 432 907 482 ἀνὴρ
935 431 1168 481 πολυπλανής
1196 430 1425 483 (Agathem.
1456 430 1476 469 Ι
1500 430 1553 481 l),
1591 430 1661 480 qui

184 492 350 542 περίοδον
394 506 423 531 s.
467 494 677 544 περιήγησιν
721 498 787 544 γῆς
827 494 1006 533 condidit
1046 494 1233 544 (MUELL.
1260 493 1279 532 I
1315 495 1439 545 lsq),
1483 493 1660 545 Scylax

185 554 492 607 Caryandensis,
533 557 601 607 qui
631 556 678 596 de
710 557 848 597 itinere
878 557 1000 597 Darei
1029 558 1139 597 iussu
1168 558 1209 597 in
1236 557 1393 597 Indiam
1421 557 1526 598 facto
1554 572 1660 596 com—

186 621 421 658 mentarium
464 621 698 672 conscripsit
741 621 862 671 (Her.
898 621 960 660 IV
990 623 1062 670 44,
1116 622 1281 661 Aristot.
1326 621 1444 660 Polit.
1482 620 1566 659 Vss
1601 623 1659 669 14,

184 682 384 734 Anonym.
422 684 489 722 vit.
527 683 634 736 Scyl.
682 685 823 737 Δαρείῳ
866 686 1130 737 προσεφώνησέ
1173 684 1314 727 Σκύλαξ
1358 685 1397 723 τὸ
1440 683 1658 737 φρόντισμας

185 746 316 785 Strab.
347 748 366 785 I
388 749 438 785 43
481 748 698 799 Θεόπομπος
726 751 849 800 φήσας
879 750 931 787 ὅτι
959 750 1021 787 καὶ
1050 749 1189 799 μύθους
1218 750 1255 787 ἐν
1285 752 1361 791 ταῖς
1391 748 1558 799 ἱστορίαις
1587 749 1665 799 ἐρεῖ

185 813 235 852 ὡς
255 809 463 861 ζΗρόδοτος
490 812 551 849 καὶ
571 810 734 862 Κτησίας
761 813 822 849 καὶ
851 812 885 848 οἱ
912 812 956 849 τὰ
976 811 1107 849 Ἰνδικὰ
1127 811 1358 863 γράψαντες),
1390 810 1660 862 Dionysius

184 873 414 913 Milesius
442 874 678 925 (οἰκουμένης
706 876 918 926 περιήγησιν
948 873 1092 923 Suid.),
1123 873 1315 914 Charon
1350 875 1560 926 (περίπλουν
1589 876 1659 912 τῶν

186 938 290 978 ἐκτὸς
318 938 407 975 τῶνζ
424 937 636 989 Ηρακλείων
658 941 814 989 στηλῶν,
839 938 1044 984 Αἰθιοπικά,
1066 938 1208 990 Λιβυκά
1228 936 1374 988 Suid.),
1405 937 1661 976 Democles

184 1001 485 1053 Pygelensis
527 1000 729 1050 (Strab.1
760 1004 851 1053 58),
896 1002 1187 1041 Hellanicus
1228 1002 1327 1053 (περὶ
1366 1002 1500 1045 ἐθνῶν,
1545 1002 1660 1039 ἐθνῶν

186 1065 400 1114 ὀνομασίας,
433 1066 635 1117 βαρβαρικὰ
663 1066 812 1116 νόμιμα,
844 1065 1050 1117 Scythica,
1085 1066 1128 1103 τὰ
1155 1067 1236 1117 περὶ
1266 1066 1399 1104 Λυδίαν
1444 1066 1611 1103 MUELL.
1640 1065 1661 1103 I

187 1129 251 1176 57,
281 1130 345 1177 69,
376 1130 423 1166 61
457 1128 503 1166 fr.
536 1130 649 1179 124),
697 1129 957 1168 Damastes
999 1129 1134 1179 (ἐθνῶν
1173 1130 1372 1179 κατάλογον
1407 1130 1468 1168 καὶ
1505 1128 1660 1174 πόλεων,

184 1192 265 1242 περὶ
294 1192 423 1237 ἐθνῶν,
453 1193 646 1243 περίπλουν
675 1193 719 1231 II
741 1195 791 1230 64
807 1194 883 1243 sq).

296 1286 446 1326 Herod.
485 1286 547 1326 IV
575 1289 624 1325 36
675 1288 795 1337 γελέω
838 1287 952 1339 ὁρέων
997 1291 1078 1338 γῆς
1120 1286 1366 1338 περιόδους
1408 1287 1663 1339 γράψαντας

186 1351 397 1391 πολλούς.
455 1351 495 1388 II
529 1352 603 1388 143
642 1351 815 1402 πρότερον
837 1350 1068 1401 “Εκαταίῳ
1098 1356 1157 1401 τῷ
1187 1352 1419 1401 λογοποιῷ
1450 1350 1487 1388 ἐν
1517 1350 1663 1401 Θήβῃσι

187 1415 492 1463 γενεηλογήσαντι
535 1413 666 1452 ἑωντόν
710 1430 744 1452 κ.
766 1429 796 1451 τ.
817 1416 850 1451 λ.
913 1413 953 1452 II
985 1415 1036 1452 ‘20
1073 1412 1302 1464 “Ελλήνων
1346 1413 1463 1455 τινές
1505 1412 1662 1454 ἔλεξαν

186 1477 375 1528 τριφασίας
412 1477 521 1519 ὁδοὺς
556 1477 624 1526 (de
653 1492 774 1516 causa
803 1477 1072 1516 inundationis
1101 1476 1203 1527 Nili)
1238 1477 1297 1527 ἠδ’
1329 1476 1434 1528 ἑτέρη
1466 1477 1565 1526 λέγει
1594 1477 1663 1514 ἀπὸ

187 1543 249 1579 τοῦ
274 1540 455 1579 Ὠκεανοῦ
494 1540 625 1593 ῥέοντα
663 1541 769 1579 αὐτὸν
806 1544 919 1580 ταῦτα
948 1541 1203 1593 μηχανᾶσθαι,
1240 1541 1299 1579 τὸν
1330 1540 1363 1579 δ’
1393 1539 1569 1579 Ὠκεανὸν
1599 1544 1663 1591 γῆν

186 1604 266 1655 πέρι
294 1607 411 1642 πᾶσαν
445 1605 554 1655 ῥέειν.
619 1605 668 1643 In
698 1605 967 1644 Hecateum
997 1604 1227 1644 Herodotus
1255 1604 1455 1643 invehitur
1487 1604 1541 1653 (v.
1572 1601 1663 1642 Seh.

186 1668 265 1720 Ap.
288 1667 364 1706 Rh.
395 1668 457 1707 IV
479 1669 569 1718 259,
602 1668 721 1707 Diod.
751 1669 770 1708 Ι
803 1670 883 1719 37).

297 1763 492 1815 Porphyr.
523 1779 586 1815 ap.
608 1764 755 1803 Euseb.
787 1779 844 1815 pr.
867 1779 926 1802 ev,
956 1764 999 1802 X
1029 1765 1065 1812 3,
1101 1765 1173 1801 166
1194 1763 1242 1801 Β.
1277 1761 1524 1814 (Ηρόδοτος
1553 1764 1590 1800 ἐν
1620 1768 1672 1813 τῇ,

188 1828 345 1878 δευτέρα
374 1828 491 1865 πολλὰ
507 1826 677 1866 Ἱτῖκατα
690 1828 703 1865 ί
709 1842 727 1865 ο
740 1843 759 1865 υ
789 1828 882 1866 κατὰ
902 1827 994 1870 λέξιν
1016 1829 1235 1878 μετήνεγκεν
1257 1827 1299 1865 ἐκ
1318 1829 1382 1877 τῆς
1400 1827 1664 1877 περιηγήσεως.

186 1891 332 1928 Arrian
363 1891 401 1928 V
425 1892 447 1928 6
484 1890 664 1940 Αἴγυπτον
695 1890 946 1942 (Ηρόδοτος
982 1905 1028 1928 τε
1064 1892 1138 1928 καὶ
1171 1889 1415 1930 Ἑκαταῖος
1452 1890 1567 1940 δῶρον
1604 1893 1666 1927 τοῦ

186 1957 351 2005 ποταμοῦ
370 1954 571 2007 ἀμφότεροι
587 1955 805 2006 ὀνομάζουσι
824 1954 941 2005 (Her.
950 1954 992 1993 II
1010 1955 1072 2005 5);
1103 1953 1252 1993 Herod.
1269 1953 1311 1993 Il
1329 1954 1378 1992 77
1399 1952 1667 2012 ἀρτοφαγέουσι

187 2019 430 2070 (Aegyptios
465 2019 581 2070 dicit)
624 2020 664 2057 ἐκ
707 2022 777 2057 τῶν
818 2019 978 2071 ὀλορέων
1015 2022 1199 2061 ποιεῦντες
1228 2017 1379 2070 ἄρτους,
1421 2016 1506 2069 οἴνῳ
1546 2018 1587 2056 δὲ
1625 2017 1666 2055 ἐκ

187 2082 341 2134 κριθέων
371 2082 606 2134 πεποιημένῳ
628 2082 875 2134 διαχρέονται;
906 2081 1053 2121 Athen.
1069 2081 1112 2120 X
1133 2083 1209 2120 447
1227 2081 1261 2120 C
1285 2079 1529 2122 Ἑκαταῖος
1558 2081 1665 2119 εἰπὼν

187 2147 268 2197 περὶ
306 2146 510 2195 Αἰγυπτίων
549 2149 598 2187 ὡς
634 2147 833 2197 ἀρτοφάγοι
867 2147 975 2191 εἰσὶν,
1014 2145 1177 2197 ἐπιφέρει
1210 2145 1273 2186 τὰς
1309 2144 1434 2195 κριθὰς
1471 2144 1522 2185 εἰς
1557 2146 1668 2194 πῶμα
1700 2141 1703 2143 ’

188 2208 440 2247 καταλέουσιν.
484 2207 614 2247 Strab.
632 2208 719 2246 XII
743 2210 821 2247 550
840 2209 872 2246 B
901 2208 984 2250 τοὺς
1010 2209 1050 2246 δὲ
1072 2207 1219 2249 Σκύθας
1238 2206 1443 2250 Ἀλαζῶνας
1468 2208 1668 2258 φάσκοντες

190 2264 279 2324 ὑπὲρ
309 2273 367 2311 τὸν
399 2271 613 2324 Βορυσθένη
644 2273 707 2311 καὶ
733 2271 960 2314 Καλλιπίδας
987 2273 1049 2310 καὶ
1077 2270 1171 2310 ἄλλα
1201 2270 1374 2322 ὀνόματα,
1405 2268 1667 2322 ἅπερἘλλά-

188 2336 314 2377 νικός
342 2351 386 2374 τε
415 2338 489 2374 καὶ
510 2335 765 2387 ζΗρόδοτος
787 2337 1093 2387 κατεφλυάρησαν
1114 2336 1236 2385 ἡμῶνς
1267 2334 1317 2373 ef.
1334 2333 1491 2372 Hellan.
1508 2334 1555 2372 fr.
1567 2334 1617 2373 92
1634 2347 1667 2372 c.

189 2400 286 2439 Her.
318 2399 378 2438 IV
406 2400 477 2449 28,
521 2400 593 2438 173
624 2422 672 2427 -
703 2398 764 2438 IV
793 2401 863 2447 95,
901 2399 951 2437 93
983 2422 1033 2427 «-
1061 2397 1122 2436 IV
1154 2399 1246 2445 1903
1283 2397 1326 2436 ll
1357 2398 1404 2436 10
1439 2395 1668 2436 Herodotus

189 2470 381 2503 memorat
411 2463 593 2515 regiones
623 2463 727 2502 circa
755 2463 873 2501 Ilium
904 2468 944 2500 et
968 2461 1253 2500 Teuthraniam
1283 2466 1323 2500 et
1341 2460 1544 2512 Ephesum
1573 2460 1668 2500 sitas

189 2533 228 2565 et
269 2526 480 2566 Maeandri
524 2526 728 2577 planitiem
776 2526 997 2577 antiquitus
1040 2525 1159 2564 maris
1201 2524 1329 2563 sinum
1373 2524 1514 2571 fuisse3
1562 2523 1669 2576 apud

190 2589 321 2629 Strab.
351 2590 372 2629 I
393 2592 444 2629 429
473 2589 709 2628 Xanthus
739 2590 870 2639 refert,
901 2604 941 2628 se
972 2589 1011 2628 in
1041 2588 1245 2638 Armenia,
1274 2588 1465 2638 Matiene,
1494 2587 1669 2640 Phrygia
