1844 2898
767 79 1033 120 -39-

161 201 242 225 νων
271 186 342 225 καὶ
382 184 568 233 Πόντον,
612 187 671 225 τὸν
716 184 892 238 Ζάμολξιν
932 188 1057 224 τοῦτον
1085 212 1281 223 .......
1315 188 1427 224 ταῦτα
1455 185 1548 237 φασί
1573 199 1629 235 μιν

160 253 320 300 ποιῆσαι.
377 250 426 288 cf.
446 249 509 288 IV
532 251 597 288 14:
627 249 760 301 ἤκουον
791 249 899 299 λόγον
929 249 967 287 ἑν
997 248 1240 300 Προκοννήσῳ
1269 250 1332 287 καὶ
1360 249 1521 300 Κυζίκῳ.

268 381 371 420 Aliis
398 382 515 431 locis,
552 396 641 420 cum
670 382 863 433 quaedam
891 396 967 431 res,
996 395 1098 432 quae
1125 379 1176 418 ad
1202 380 1302 419 duos
1322 381 1441 419 simul
1461 382 1629 432 populos

162 443 368 493 attinebat,
397 444 596 483 diversum
625 445 665 483 in
695 444 855 483 modum
882 449 1038 482 narrata
1057 448 1172 491 esset,
1201 442 1324 493 quod
1353 443 1518 493 cuique
1546 459 1627 495 po-

162 508 274 560 pulo
302 507 512 558 favebat,
541 508 626 547 hoc
654 508 711 547 ab
740 522 791 547 eo
819 508 999 547 narrari
1027 506 1158 546 dixit.

271 585 355 635 Ita,
389 585 457 624 ubi
494 585 543 624 de
578 585 688 624 clade
716 586 817 637 agit,
851 599 930 636 qua
957 584 1221 623 Athenienses
1249 584 1290 622 in
1318 583 1448 622 insula
1473 584 1630 636 Aegina

160 649 209 688 ab
238 648 446 702 Aeginetis
475 653 514 687 et
541 648 703 701 Argivis
740 648 869 688 affecti
904 653 1013 698 sunt,
1052 662 1098 687 ex
1135 662 1214 699 qua
1246 646 1356 686 clade
1386 661 1488 686 unus
1517 648 1628 687 miles

160 712 339 750 Athenas
385 711 520 760 rediit,
574 711 905 750 Athenienses
953 717 1172 759 narrant,
1228 725 1346 749 unam
1397 725 1438 749 se
1487 725 1628 749 navem

159 774 356 826 Aeginam
376 774 528 813 misisse
557 780 596 813 et
620 773 789 813 divino
809 774 1003 813 numine
1023 774 1167 813 milites
1187 773 1236 812 ad
1255 773 1447 812 insaniam
1468 773 1628 813 adactos

158 837 261 874 inter
296 851 337 875 se
365 837 627 885 interfecisse,
662 837 930 887 Aeginetae
967 851 1077 874 vero
1116 842 1161 874 et
1197 837 1371 886 Argivi
1407 844 1626 885 narrant,

158 912 249 938 cum
277 899 432 951 magnis
461 899 585 951 copiis
614 904 653 938 et
679 899 813 938 multis
842 899 1009 938 navibus
1037 898 1125 937 illos
1154 897 1361 937 advenisse
1382 904 1420 936 et
1439 899 1626 949 proelio

158 962 213 1000 ab
242 962 338 1013 ipsis
367 961 418 999 ad
446 961 755 1000 internecionem
784 961 961 1000 devictos
990 974 1075 999 esse
1103 960 1161 1010 (V
1190 962 1380 1010 85—87>.

264 1066 339 1115 Ita,
368 1080 458 1104 cum
486 1066 526 1105 id
555 1072 764 1116 constaret,
793 1065 960 1105 Callia-m
979 1065 1122 1104 Eleum
1152 1064 1471 1104 Crotoniatarum
1499 1073 1628 1106 castra

157 1134 337 1168 secutum
365 1142 470 1178 esse,
510 1129 682 1168 Dorieus
716 1135 848 1167 autem
874 1128 1236 1176 Lacedaemonius,
1270 1128 1338 1178 qui
1365 1134 1451 1166 tum
1479 1129 1520 1167 in
1549 1130 1626 1168 illis

157 1191 385 1243 regionibus
420 1192 669 1241 versabatur,
712 1206 806 1230 num
849 1206 984 1230 revera
1025 1205 1048 1229 a
1083 1191 1338 1229 Crotoniatis
1358 1191 1399 1229 in
1434 1192 1625 1230 auxilium

155 1260 319 1294 vocatus
354 1269 434 1293 una
468 1269 557 1293 cum
594 1255 642 1293 iis
671 1253 905 1306 Sybaridem
934 1254 1160 1303 delevisset,
1197 1254 1361 1292 dubium
1390 1261 1512 1294 esset:
1549 1254 1624 1307 Sy-

156 1318 323 1367 baritas,
357 1332 525 1368 quorum
555 1318 686 1357 clades
715 1333 795 1357 non
822 1318 877 1356 ita
905 1332 1049 1370 magna
1076 1317 1293 1367 videretur,
1329 1318 1362 1356 si
1391 1318 1506 1357 simul
1535 1334 1623 1358 cum

156 1381 311 1420 duobus
340 1381 520 1420 hostibus
548 1381 809 1433 pugnandum
837 1382 885 1420 iis
906 1381 1058 1429 fuisset,
1087 1379 1290 1432 Sybaritas
1310 1381 1432 1432 igitur
1450 1381 1625 1422 dicentes

145 1445 251 1482 ''f'ecit
279 1444 510 1483 Herodotus
546 1444 738 1482 Dorieum
767 1443 1088 1482 Crotoniatarum
1125 1444 1277 1482 socium
1312 1444 1453 1491 fuisse3
1484 1444 1625 1484 Croto-

156 1508 286 1547 niatae
314 1522 407 1547 vero
435 1514 584 1561 negant
611 1513 768 1560 praeter
789 1507 956 1548 Calliam
975 1508 1100 1547 ullum
1119 1508 1372 1561 peregrinum
1392 1508 1498 1561 apud
1517 1509 1625 1561 ipsos

155 1571 356 1620 militasse,
386 1572 571 1610 nimirum
598 1572 764 1623 gloriam
784 1573 1107 1623 opulentissimae
1126 1572 1236 1611 urbis
1257 1586 1414 1611 eversae
1434 1573 1509 1612 sibi
1530 1574 1624 1612 solis

154 1634 412 1675 vindicantes.
474 1634 590 1674 V'44
623 1636 682 1674 τὸν
716 1635 847 1688 χρόνον
882 1639 1023 1683 τοῦτον,
1066 1638 1121 1678 ὡς
1154 1635 1334 1686 λέγουσι
1368 1636 1622 1690 Συβαρῖται,

154 1699 238 1740 τοὺς
257 1697 510 1750 Κροτωνιήτας
529 1713 608 1749 περι
638 1699 746 1740 δεέας
775 1699 992 1750 γενομένους
1020 1701 1197 1750 δεηθῆναι
1216 1700 1374 1750 Δωριέος
1394 1702 1493 1752 σφίσι
1512 1717 1623 1752 τιμω-

155 1766 274 1815 ρῆσαι.
338 1760 636 1814 Κροτωνιῆται
678 1763 724 1801 δὲ
766 1762 900 1801 οὐδένα
947 1763 1046 1815 σφίσι
1087 1764 1191 1815 φασὶ
1230 1764 1363 1806 ξεῖνον
1393 1793 1620 1806 ........

155 1827 205 1863 45
227 1825 403 1876 μαρτύρια
430 1826 471 1862 δὲ
495 1826 631 1863 τούτων
659 1827 823 1876 ἑκάτεροι
842 1827 1116 1864 ἀποδεικνύουσι
1135 1828 1221 1864 τάδε
1242 1855 1251 1863 .
1274 1855 1283 1864 .
1305 1856 1315 1865 .
1337 1856 1346 1865 .
1368 1842 1403 1865 v.
1420 1843 1457 1879 p.
1479 1832 1540 1878 19,
1557 1832 1621 1868 24.

263 1920 327 1959 Ita
354 1919 376 1959 I
397 1920 461 1970 70,
489 1919 558 1959 ubi
587 1920 635 1959 de
665 1926 832 1971 cratere,
867 1935 985 1972 quem
1013 1920 1318 1960 Lacedaemonii
1352 1921 1401 1961 ad
1430 1922 1624 1963 Croesum

154 1985 363 2032 miserunt,
406 1998 429 2021 a
458 1981 613 2023 Samios
647 1984 777 2023 ablato
812 1985 912 2036 agit,
949 1999 1038 2023 cum
1072 1984 1248 2023 diversae
1283 1987 1526 2026 narrationes
1555 2003 1622 2026 ex-

153 2052 303 2087 starent
329 2046 368 2097 (ὁ
387 2046 525 2098 κρητὴρ
554 2046 619 2085 οὐκ
640 2047 785 2086 ἀπίκετο
816 2048 854 2090 ἐς
873 2048 1003 2101 Σάρδις
1031 2048 1065 2086 δί
1093 2048 1206 2090 αἰτίας
1234 2049 1403 2101 διφασίας
1423 2051 1623 2102 λεγομένας

152 2112 294 2162 τάσδε),
324 2111 499 2159 alteram,
527 2125 629 2162 quae
657 2111 754 2150 furti
783 2112 932 2151 crimen
961 2112 1003 2151 in
1024 2110 1180 2151 Samios
1209 2113 1391 2162 contulit,
1420 2114 1622 2154 Lacedae-

152 2175 306 2214 monios
349 2174 525 2213 dicentes
561 2174 676 2224 fecit,
719 2175 902 2224 alteram,
946 2189 1047 2226 quae
1083 2175 1172 2214 illos
1215 2176 1332 2227 culpa
1374 2177 1620 2228 expediebat,

152 2238 297 2278 Samiis
338 2237 477 2277 tribuit
517 2237 576 2287 (οἱ
617 2238 681 2289 μὲν
727 2237 1007 2289 Λακεδαιμόνιοι
1050 2237 1198 2288 λέγουσι
1234 2266 1402 2277 ......
1440 2240 1540 2278 αὐτοὶ
1577 2242 1619 2279 δὲ

151 2301 281 2354 Σάμιοι
307 2301 455 2352 λέγουσι
476 2330 485 2340 .
506 2331 515 2339 .
538 2331 546 2339 .
567 2302 609 2352 ..)

257 2402 322 2441 Ita
349 2401 534 2454 denique,
564 2417 655 2441 cum
682 2402 904 2441 fabularum
932 2403 1144 2455 scriptores
1172 2402 1370 2443 diversum
1398 2404 1439 2443 in
1459 2405 1620 2444 modum

151 2465 200 2505 de
228 2480 348 2506 causa
375 2466 629 2518 expulsorum
658 2481 707 2505 ex
734 2467 870 2505 Attica
887 2466 1146 2520 Pelasgorum
1165 2467 1425 2518 scripsissent,
1454 2468 1541 2507 aliis
1560 2469 1619 2507 in-

150 2530 274 2569 iuriae
310 2530 575 2569 Athenienses
616 2525 913 2581 accusantibus,
958 2545 1049 2570 nam
1085 2530 1343 2582 Pelasgorum
1379 2531 1484 2583 agris
1519 2532 1619 2571 bene

151 2593 267 2632 cultis
295 2608 363 2632 eos
391 2592 598 2649 invidisse,
633 2593 720 2632 aliis
756 2598 861 2632 recte
890 2607 958 2633 eos
985 2594 1123 2633 fecisse
1152 2594 1394 2643 dicentibus,
1428 2594 1619 2647 Pelasgos
