1844 2898
755 106 1019 145 —31—

255 212 299 251 H
337 215 387 252 75
442 219 574 252 narrat
627 227 778 266 angues
834 218 1027 265 pennatos
1082 226 1173 250 vere
1229 226 1276 250 ex
1323 214 1357 250 A
1374 213 1524 251 rabia
1575 213 1615 251 in

150 277 457 328 Aegyptum
504 277 681 316 volantes
724 278 773 316 ab
819 277 950 316 ibibus
993 276 1173 315 interfici.
1242 278 1303 314 καὶ
1344 278 1406 327 τὴν
1446 277 1513 329 ἶβιν
1558 277 1615 314 διὰ

149 343 251 378 τοῦτο
285 341 325 378 τὸ
359 339 461 392 ἔργον
496 342 707 393 τετιμῆσθαι
747 342 925 391 λέγουσι
954 341 1141 393 Ἀράβιοι
1184 342 1352 391 μεγάλως
1384 342 1471 392 πρὸς
1505 340 1615 390 Αἰγυ-

148 403 271 441 πτίων.
342 404 630 455 ὁμολογέουσι
679 406 720 444 δὲ
769 406 830 443 καὶ
874 404 1103 455 Αἰγύπτιοι
1152 403 1210 441 διὰ
1257 406 1368 442 ταῦτα
1409 407 1510 454 τιμᾶν
1553 405 1616 445 τὰς

151 465 293 518 ὄρνιθας
320 467 464 510 ταύτας.

257 546 317 585 VI
346 547 396 585 86
436 547 619 598 λέγομεν
649 548 774 599 ἡμεῖς
801 548 840 585 οἱ
868 548 1130 600 Σπαρτιῆται
1160 546 1329 597 γενέσθαι
1360 547 1396 585 ἐν
1426 549 1471 596 τῇ
1503 548 1616 585 Λακε-

151 609 291 659 δαίμονι
323 611 418 648 πατὰ
451 611 568 660 τρίτην
603 612 730 660 γενεὴν
764 612 827 660 τὴν
862 612 922 649 ἀπ’
955 612 1042 661 ἐμέο
1076 612 1233 649 Γλαῦκον
1261 610 1475 651 Ἐπικύδεος
1508 612 1617 647 παῖδα

150 686 185 709 κ.
200 686 231 710 τ.
247 674 300 710 k:
330 672 385 711 ita
398 671 685 724 Leotychidem
708 672 812 724 apud
828 672 1093 711 Athenienses
1113 673 1307 711 dicentem
1328 672 1432 711 facit.
1469 672 1618 711 Contra

151 734 371 786 Tegeaetae
400 741 490 773 ante
518 749 692 790 pugnam
712 735 984 774 Plataeensem
1006 736 1110 787 apud
1133 736 1374 774 Graecorum
1404 737 1617 774 exereitum

151 797 315 836 themi
344 798 497 848 antiqui
525 797 700 849 ipsorum
730 798 847 850 regis,
876 798 943 849 qui
964 798 1129 850 Hyllum
1150 798 1335 837 Herculis
1354 799 1477 836 filium
1498 799 1618 836 inter-

150 860 299 910 fecerit,
332 861 517 899 virtutem
547 860 819 911 praedicantes
847 862 1081 912 loquuntur:
1124 862 1206 900 τότε
1236 863 1284 898 ὧν
1315 861 1443 910 λόγος
1462 861 1617 899 ’Ύλλον

152 924 421 974 ἀγορεύσασθαι
442 951 451 961 .
473 952 482 961 .
504 951 514 961 .
543 923 628 974 (ΙΧ
656 924 738 974 26).

260 1013 320 1052 VI
354 1015 439 1062 127,
475 1014 685 1066 Agaristae
718 1028 861 1066 procos
890 1029 1118 1063 reeensens,
1155 1016 1223 1052 ἀπὸ
1254 1016 1317 1065 μὲν
1343 1014 1498 1055 Ἰταλίας
1527 1014 1618 1064 ἦλθε

153 1076 391 1128 Σμινδυρίδης
427 1105 436 1114 .
465 1106 473 1115 .
501 1105 511 1115 .
548 1078 608 1115 καὶ
640 1076 771 1127 Ἀζὴν
808 1078 848 1114 ἐκ
880 1077 995 1115 Παίου
1032 1077 1156 1119 πόλιος
1186 1078 1360 1129 Λαφάνης
1390 1076 1620 1128 Εὐφορίωνος

152 1140 448 1191 τοᾰδεὲαμένου,
478 1142 528 1181 ὥς
556 1140 693 1190 λόγος
723 1140 1010 1192 ἐνἈρκαδίῃ
1040 1141 1246 1191 λέγεται,
1277 1141 1359 1182 τοὺς
1378 1141 1620 1191 Διοσκούρους

151 1203 304 1241 οἰκίοισι.

260 1283 280 1321 I
310 1283 359 1321 87
402 1284 601 1322 ἐνθαῦτα
643 1283 831 1334 λέγεται
868 1284 949 1322 ὑπὸ
984 1284 1139 1322 Λυδῶν
1170 1282 1323 1335 Κροῖσον
1360 1283 1523 1335 μαθόντα
1557 1286 1619 1335 τὴν

154 1346 279 1399 Κύρου
319 1349 537 1398 μετάγνωσιν
580 1348 830 1399 ἐπιβώσασθαι
872 1349 930 1386 τὸν
961 1347 1182 1386 Ἀπόλλωνα
1220 1347 1519 1398 ἐπικαλεόμενον,
1559 1349 1626 1386 είτί

154 1411 189 1448 οἱ
215 1410 478 1462 κεχαρισμένον
508 1411 544 1453 ἐξ
575 1411 685 1449 αὐτοῦ
714 1411 907 1462 ἐδωρήθη,
942 1414 1164 1462 παραστῆναι
1193 1412 1254 1449 καὶ
1284 1411 1469 1461 ῥύσασθαί
1495 1426 1550 1462 μιν
1581 1413 1622 1449 ἐκ

153 1476 216 1511 τοῦ
243 1473 439 1524 παρεόντος
467 1477 593 1512 κακοῦ.
656 1474 677 1511 I
707 1476 754 1512 91
789 1473 1059 1524 Ἀπικομένοισι
1087 1477 1177 1512 τοῖσι
1213 1475 1359 1511 Λυδοῖσι
1389 1476 1449 1511 καὶ
1477 1475 1624 1523 λέγουσι

153 1537 196 1576 τὰ
233 1537 474 1589 ἐντεταλμένα
503 1539 565 1589 τὴν
596 1537 736 1589 Πυθίην
767 1537 952 1588 λέγεται
982 1539 1090 1576 εἰπεῖν
1121 1539 1219 1576 τάδε.

260 1631 299 1669 V
319 1633 478 1670 62-64
513 1638 663 1680 narrat,
699 1632 971 1670 Pisistratidas
1006 1646 1124 1682 opera
1154 1632 1526 1669 Alcmaeouidarum
1555 1646 1622 1670 ex-

155 1694 290 1747 pulsos
318 1709 415 1734 esse.
474 1696 524 1734 63
554 1697 609 1737 ῶς
628 1696 677 1733 ὧν
698 1696 742 1746 δὴ
763 1694 1059 1746 οῖἈθηναῖοι
1085 1695 1298 1745 λέγουσι,
1328 1694 1425 1733 οὖτοι
1444 1695 1477 1732 οἱ
1497 1694 1623 1747 ἄνδρες

154 1758 342 1797 ἀνέπειθον
361 1760 424 1809 τὴν
448 1758 585 1810 Πυθίην
606 1760 781 1810 χρήμασι,
805 1759 900 1800 ὅκως
920 1758 1060 1797 ἔλθοιεν
1082 1758 1335 1809 Σπαρτιητέων
1356 1758 1482 1809 ἄνδρες
1502 1774 1576 1796 κ.τ.
1588 1761 1620 1796 λ.

155 1823 205 1860 66
235 1821 461 1873 Κλεισθένης
490 1822 599 1873 ὅσπερ
630 1823 674 1872 δὴ
704 1821 839 1871 λόγον
870 1820 968 1873 ἔχει
995 1823 1057 1872 τὴν
1089 1821 1227 1872 Πυθίην
1257 1822 1457 1859 ἀναπεῖσαι.

261 1916 344 1954 VII
377 1917 450 1955 153
495 1916 542 1955 de
578 1915 730 1955 Telinis
764 1915 901 1965 Geloi,
945 1916 1110 1955 Gelonis
1144 1916 1302 1967 proavi,
1347 1916 1464 1954 rebus
1499 1917 1622 1967 gestis

154 1993 317 2017 narrans
359 1978 456 2017 dicit
499 1978 590 2017 inde
625 1979 889 2030 colligendum
927 1993 1033 2027 esse,
1076 1979 1183 2016 illum
1220 1979 1332 2016 fortis
1368 1985 1405 2017 et
1440 1980 1621 2031 generosi

154 2042 275 2080 animi
303 2042 431 2080 virum
460 2042 593 2081 fuisse.
650 2042 693 2079 τὰ
722 2045 868 2080 τοιαῦτα
898 2041 985 2093 ἔργα
1012 2041 1183 2092 νενόμικα
1212 2042 1372 2091 γίνεσθαι
1395 2043 1482 2092 πρὸς
1502 2046 1623 2093 ψυχῆς

153 2120 192 2144 τε
221 2106 362 2155 ἀγαθῆς
389 2106 451 2143 καὶ
481 2106 609 2157 ῥώμης
637 2105 818 2156 ἀνδρηίης.
876 2107 894 2143 ὁ
933 2106 979 2143 δὲ
1016 2105 1210 2154 λέγεται
1246 2106 1353 2155 πρὸς
1392 2109 1465 2155 τῆς
1494 2105 1621 2143 Σικε-

153 2169 252 2219 λίης
280 2171 364 2206 τῶν
394 2167 649 2219 οἰκητόρων
678 2168 723 2205 τὰ
752 2168 941 2206 ὑπεναντία
969 2168 1105 2205 τούτων
1134 2168 1336 2219 πεφυκέναι
1366 2169 1564 2219 θηλυδρίης
1583 2183 1622 2205 τε

152 2232 213 2270 καὶ
242 2232 500 2283 μαλακώτερος
528 2231 628 2283 ἀνὴρ.

261 2311 346 2350 VII
376 2313 503 2350 157-
517 2313 566 2351 62
610 2312 729 2350 refert
756 2309 1001 2350 Graecorum
1035 2311 1187 2362 legatos
1223 2311 1411 2350 auxilium
1442 2316 1621 2362 petentes

153 2388 176 2413 a
204 2373 366 2413 Gelone'
387 2375 585 2426 repulsam
612 2374 768 2421 tulisse3
809 2374 883 2412 163
900 2387 947 2425 sq
975 2373 1023 2411 de
1052 2373 1205 2412 Cadmo
1234 2373 1319 2412 Coo
1348 2388 1371 2411 a
1399 2373 1551 2412 (ielone
1580 2374 1620 2412 in

120 2478 122 2480 ,
154 2438 364 2477 Graeciam
392 2451 482 2477 cum
511 2438 653 2490 opibus
682 2438 816 2487 misso⁷
844 2452 946 2489 quae
973 2437 1116 2487 Xerxi,
1147 2438 1179 2476 si
1208 2438 1378 2486 vicisseta
1407 2437 1621 2477 traditurus

153 2506 278 2541 esset:
324 2504 398 2540 165
436 2502 624 2552 λέγεται
661 2502 707 2539 δὲ
741 2503 815 2539 καὶ
842 2503 949 2539 τάδε
981 2502 1060 2540 ὑπὸ
1089 2506 1171 2539 τῶν
1203 2503 1247 2539 ἐν
1277 2502 1466 2551 Σικελίῃ
1494 2502 1620 2552 οἰκη-

154 2564 322 2616 μένων,
351 2567 401 2607 ὧς
429 2565 528 2616 ὅμως
555 2565 617 2603 καὶ
645 2564 788 2616 μέλλων
818 2564 997 2616 ἄρχεσθαι
1027 2566 1095 2603 ὑπὸ
1125 2564 1418 2616 Λακεδαιμονίων
1450 2565 1468 2602 ὁ
1497 2564 1620 2603 Γέλων

154 2628 342 2680 ἐβοήθησε
379 2628 420 2667 ἂν
449 2632 539 2667 τοῖσι
557 2627 733 2679 “Έλλησι;
768 2627 839 2667 sed
867 2627 1216 2681 Carthaginienses
1243 2633 1328 2667 tum
1356 2627 1622 2679 periculosum
