<?xml version="1.0" encoding="UTF-8"?>
<!DOCTYPE html PUBLIC "-//W3C//DTD XHTML 1.0 Transitional//EN"
    "http://www.w3.org/TR/xhtml1/DTD/xhtml1-transitional.dtd">
<html xmlns="http://www.w3.org/1999/xhtml" xml:lang="en" lang="en">
 <head>
  <title>
</title>
<meta http-equiv="Content-Type" content="text/html;charset=utf-8" />
  <meta name='ocr-system' content='tesseract 3.04.00' />
  <meta name='ocr-capabilities' content='ocr_page ocr_carea ocr_par ocr_line ocrx_word'/>
</head>
<body>
  <div class='ocr_page' id='page_1' title='image "4738084_0020.png"; bbox 0 0 1844 2898; ppageno 0'>
   <div class='ocr_carea' id='block_1_1' title="bbox 272 69 1631 228">
    <p class='ocr_par' dir='ltr' id='par_1_1' title="bbox 272 69 1631 228">
     <span class='ocr_line' id='line_1_1' title="bbox 781 69 1020 108; baseline 0 -8"><span class='ocrx_word' id='word_1_1' title='bbox 781 92 829 100; x_wconf 91' lang='lat'>...</span> <span class='ocrx_word' id='word_1_2' title='bbox 888 69 912 108; x_wconf 78' lang='grc'><strong>7</strong></span> <span class='ocrx_word' id='word_1_3' title='bbox 968 92 1020 100; x_wconf 74' lang='grc'>,-</span> 
     </span>
     <span class='ocr_line' id='line_1_2' title="bbox 272 175 1631 228; baseline 0 -12"><span class='ocrx_word' id='word_1_4' title='bbox 272 176 424 222; x_wconf 85' lang='lat' dir='ltr'><strong>Herod.</strong></span> <span class='ocrx_word' id='word_1_5' title='bbox 453 175 516 216; x_wconf 93' lang='lat' dir='ltr'>VI</span> <span class='ocrx_word' id='word_1_6' title='bbox 545 177 594 217; x_wconf 88' lang='grc'>35</span> <span class='ocrx_word' id='word_1_7' title='bbox 631 175 834 228; x_wconf 78' lang='grc' dir='ltr'>Μιλτιάδης</span> <span class='ocrx_word' id='word_1_8' title='bbox 869 178 888 215; x_wconf 89' lang='grc' dir='ltr'>ὁ</span> <span class='ocrx_word' id='word_1_9' title='bbox 917 175 1092 228; x_wconf 77' lang='grc' dir='ltr'>Κυψέλου</span> <span class='ocrx_word' id='word_1_10' title='bbox 1129 177 1178 215; x_wconf 70' lang='grc' dir='ltr'>τὰ</span> <span class='ocrx_word' id='word_1_11' title='bbox 1211 178 1291 228; x_wconf 82' lang='grc' dir='ltr'>μὲν</span> <span class='ocrx_word' id='word_1_12' title='bbox 1326 178 1546 217; x_wconf 77' lang='grc' dir='ltr'>ἀνέκαθεν</span> <span class='ocrx_word' id='word_1_13' title='bbox 1576 177 1631 216; x_wconf 63' lang='grc' dir='ltr'>ἀτί</span> 
     </span>
    </p>
   </div>
   <div class='ocr_carea' id='block_1_2' title="bbox 168 240 1635 355">
    <p class='ocr_par' dir='ltr' id='par_1_2' title="bbox 168 240 1635 355">
     <span class='ocr_line' id='line_1_3' title="bbox 168 240 1635 293; baseline -0.001 -13"><span class='ocrx_word' id='word_1_14' title='bbox 168 241 307 281; x_wconf 78' lang='grc' dir='ltr'>Αἰακοῦ</span> <span class='ocrx_word' id='word_1_15' title='bbox 335 255 374 280; x_wconf 84' lang='grc' dir='ltr'>τε</span> <span class='ocrx_word' id='word_1_16' title='bbox 402 242 463 280; x_wconf 82' lang='grc' dir='ltr'>καὶ</span> <span class='ocrx_word' id='word_1_17' title='bbox 488 240 635 292; x_wconf 76' lang='grc' dir='ltr'>Αἰγίνης</span> <span class='ocrx_word' id='word_1_18' title='bbox 662 242 834 292; x_wconf 75' lang='grc' dir='ltr'>γεγονώς,</span> <span class='ocrx_word' id='word_1_19' title='bbox 863 240 906 279; x_wconf 83' lang='grc' dir='ltr'>τὰ</span> <span class='ocrx_word' id='word_1_20' title='bbox 935 241 976 279; x_wconf 85' lang='grc' dir='ltr'>δὲ</span> <span class='ocrx_word' id='word_1_21' title='bbox 1005 242 1166 293; x_wconf 81' lang='grc' dir='ltr'>νεώτερα</span> <span class='ocrx_word' id='word_1_22' title='bbox 1184 241 1373 293; x_wconf 80' lang='grc' dir='ltr'>Ἀθηναῖος</span> <span class='ocrx_word' id='word_1_23' title='bbox 1392 242 1548 280; x_wconf 86' lang='grc' dir='ltr'>Φιλαίου</span> <span class='ocrx_word' id='word_1_24' title='bbox 1572 244 1635 280; x_wconf 83' lang='grc' dir='ltr'>τοῦ</span> 
     </span>
     <span class='ocr_line' id='line_1_4' title="bbox 168 303 1632 355; baseline 0 -13"><span class='ocrx_word' id='word_1_25' title='bbox 168 303 320 346; x_wconf 80' lang='grc' dir='ltr'>Αἴαντος</span> <span class='ocrx_word' id='word_1_26' title='bbox 345 304 485 346; x_wconf 83' lang='grc' dir='ltr'>παιδός.</span> <span class='ocrx_word' id='word_1_27' title='bbox 529 304 578 342; x_wconf 90' lang='lat' dir='ltr'>V.</span> <span class='ocrx_word' id='word_1_28' title='bbox 601 304 763 343; x_wconf 85' lang='lat' dir='ltr'>Pherec.</span> <span class='ocrx_word' id='word_1_29' title='bbox 785 310 825 342; x_wconf 89' lang='lat' dir='ltr'>et</span> <span class='ocrx_word' id='word_1_30' title='bbox 843 304 1001 342; x_wconf 81' lang='lat' dir='ltr'>Hellan.</span> <span class='ocrx_word' id='word_1_31' title='bbox 1023 319 1085 355; x_wconf 85' lang='lat' dir='ltr'>ap.</span> <span class='ocrx_word' id='word_1_32' title='bbox 1108 305 1327 343; x_wconf 87' lang='lat' dir='ltr'>Marcellin.</span> <span class='ocrx_word' id='word_1_33' title='bbox 1349 320 1384 342; x_wconf 89' lang='lat' dir='ltr'>v.</span> <span class='ocrx_word' id='word_1_34' title='bbox 1406 305 1530 343; x_wconf 87' lang='lat' dir='ltr'>Thuc.</span> <span class='ocrx_word' id='word_1_35' title='bbox 1552 305 1575 355; x_wconf 70' lang='grc' dir='ltr'><strong>ξ</strong></span> <span class='ocrx_word' id='word_1_36' title='bbox 1597 306 1632 344; x_wconf 90' lang='lat'>3.</span> 
     </span>
    </p>
   </div>
   <div class='ocr_carea' id='block_1_3' title="bbox 166 397 1635 769">
    <p class='ocr_par' dir='ltr' id='par_1_3' title="bbox 166 397 1635 769">
     <span class='ocr_line' id='line_1_5' title="bbox 273 397 1632 451; baseline 0.001 -13"><span class='ocrx_word' id='word_1_37' title='bbox 273 399 293 438; x_wconf 91' lang='lat' dir='ltr'>I</span> <span class='ocrx_word' id='word_1_38' title='bbox 327 401 399 438; x_wconf 84' lang='lat'>147</span> <span class='ocrx_word' id='word_1_39' title='bbox 439 399 643 442; x_wconf 81' lang='grc' dir='ltr'>Καύκωνας</span> <span class='ocrx_word' id='word_1_40' title='bbox 681 397 837 441; x_wconf 85' lang='grc' dir='ltr'>Πυλίους</span> <span class='ocrx_word' id='word_1_41' title='bbox 872 400 941 438; x_wconf 79' lang='grc' dir='ltr'>ἀπὸ</span> <span class='ocrx_word' id='word_1_42' title='bbox 972 398 1119 451; x_wconf 90' lang='grc' dir='ltr'>Κόδρου</span> <span class='ocrx_word' id='word_1_43' title='bbox 1156 403 1218 437; x_wconf 81' lang='grc' dir='ltr'>τοῦ</span> <span class='ocrx_word' id='word_1_44' title='bbox 1250 399 1457 438; x_wconf 74' lang='grc' dir='ltr'>Μελάνθου.</span> <span class='ocrx_word' id='word_1_45' title='bbox 1515 399 1553 438; x_wconf 91' lang='lat' dir='ltr'><strong>V</strong></span> <span class='ocrx_word' id='word_1_46' title='bbox 1583 402 1632 439; x_wconf 90' lang='grc'>66</span> 
     </span>
     <span class='ocr_line' id='line_1_6' title="bbox 168 462 1633 514; baseline -0.001 -13"><span class='ocrx_word' id='word_1_47' title='bbox 168 462 456 514; x_wconf 80' lang='grc' dir='ltr'>Πεισιστρατίδαι</span> <span class='ocrx_word' id='word_1_48' title='bbox 492 462 613 505; x_wconf 86' lang='grc' dir='ltr'>ἐόντες</span> <span class='ocrx_word' id='word_1_49' title='bbox 650 463 712 501; x_wconf 86' lang='grc' dir='ltr'>καὶ</span> <span class='ocrx_word' id='word_1_50' title='bbox 746 462 843 501; x_wconf 84' lang='grc' dir='ltr'>οὖτοι</span> <span class='ocrx_word' id='word_1_51' title='bbox 871 462 1098 501; x_wconf 83' lang='grc' dir='ltr'>ἀνέκαθεν</span> <span class='ocrx_word' id='word_1_52' title='bbox 1130 462 1261 501; x_wconf 78' lang='grc' dir='ltr'>Πύλιοί</span> <span class='ocrx_word' id='word_1_53' title='bbox 1285 477 1324 501; x_wconf 86' lang='grc' dir='ltr'>τε</span> <span class='ocrx_word' id='word_1_54' title='bbox 1354 464 1414 501; x_wconf 88' lang='grc' dir='ltr'>καὶ</span> <span class='ocrx_word' id='word_1_55' title='bbox 1445 462 1633 513; x_wconf 86' lang='grc' dir='ltr'>Νηλεῖδαι.</span> 
     </span>
     <span class='ocr_line' id='line_1_7' title="bbox 169 525 1635 578; baseline -0.001 -13"><span class='ocrx_word' id='word_1_56' title='bbox 169 528 211 566; x_wconf 85' lang='grc' dir='ltr'>ἐκ</span> <span class='ocrx_word' id='word_1_57' title='bbox 246 530 315 565; x_wconf 85' lang='grc' dir='ltr'>τῶν</span> <span class='ocrx_word' id='word_1_58' title='bbox 352 527 470 565; x_wconf 84' lang='grc' dir='ltr'>αὐτῶν</span> <span class='ocrx_word' id='word_1_59' title='bbox 508 526 698 577; x_wconf 72' lang='grc' dir='ltr'>γεγονότες</span> <span class='ocrx_word' id='word_1_60' title='bbox 734 527 793 565; x_wconf 83' lang='grc' dir='ltr'>καὶ</span> <span class='ocrx_word' id='word_1_61' title='bbox 828 528 861 565; x_wconf 81' lang='grc' dir='ltr'>οἱ</span> <span class='ocrx_word' id='word_1_62' title='bbox 897 528 982 578; x_wconf 83' lang='grc' dir='ltr'>ἀμρὶ</span> <span class='ocrx_word' id='word_1_63' title='bbox 1010 525 1151 578; x_wconf 85' lang='grc' dir='ltr'>Κόδρον</span> <span class='ocrx_word' id='word_1_64' title='bbox 1189 542 1227 565; x_wconf 85' lang='grc' dir='ltr'>τε</span> <span class='ocrx_word' id='word_1_65' title='bbox 1256 529 1316 566; x_wconf 84' lang='grc' dir='ltr'>καὶ</span> <span class='ocrx_word' id='word_1_66' title='bbox 1347 526 1558 572; x_wconf 87' lang='grc' dir='ltr'>Μέλανθον,</span> <span class='ocrx_word' id='word_1_67' title='bbox 1602 527 1635 564; x_wconf 80' lang='grc' dir='ltr'>οἳ</span> 
     </span>
     <span class='ocr_line' id='line_1_8' title="bbox 166 589 1635 643; baseline 0 -15"><span class='ocrx_word' id='word_1_68' title='bbox 166 589 337 641; x_wconf 86' lang='grc' dir='ltr'>πρότερον</span> <span class='ocrx_word' id='word_1_69' title='bbox 372 591 552 641; x_wconf 82' lang='grc' dir='ltr'>ἐπήλυδες</span> <span class='ocrx_word' id='word_1_70' title='bbox 589 589 710 631; x_wconf 85' lang='grc' dir='ltr'>ἐόντες</span> <span class='ocrx_word' id='word_1_71' title='bbox 745 590 911 639; x_wconf 82' lang='grc' dir='ltr'>ἐγένοντο</span> <span class='ocrx_word' id='word_1_72' title='bbox 937 590 1133 641; x_wconf 80' lang='grc' dir='ltr'>Ἀθηναίων</span> <span class='ocrx_word' id='word_1_73' title='bbox 1165 591 1345 643; x_wconf 82' lang='grc' dir='ltr'>βασιλέες.</span> <span class='ocrx_word' id='word_1_74' title='bbox 1403 590 1635 628; x_wconf 78' lang='lat' dir='ltr'><strong>Hellanicus</strong></span> 
     </span>
     <span class='ocr_line' id='line_1_9' title="bbox 167 652 1635 705; baseline -0.001 -13"><span class='ocrx_word' id='word_1_75' title='bbox 167 653 340 693; x_wconf 84' lang='lat' dir='ltr'>narravit</span> <span class='ocrx_word' id='word_1_76' title='bbox 381 653 650 702; x_wconf 75' lang='lat' dir='ltr'>Melanthum,</span> <span class='ocrx_word' id='word_1_77' title='bbox 698 652 818 691; x_wconf 83' lang='lat' dir='ltr'>Codri</span> <span class='ocrx_word' id='word_1_78' title='bbox 863 658 1033 705; x_wconf 74' lang='lat' dir='ltr'>patrem,</span> <span class='ocrx_word' id='word_1_79' title='bbox 1080 667 1171 692; x_wconf 88' lang='lat' dir='ltr'>cum</span> <span class='ocrx_word' id='word_1_80' title='bbox 1218 653 1452 693; x_wconf 74' lang='lat' dir='ltr'>Heraclidae</span> <span class='ocrx_word' id='word_1_81' title='bbox 1499 659 1635 692; x_wconf 83' lang='lat' dir='ltr'>contra</span> 
     </span>
     <span class='ocr_line' id='line_1_10' title="bbox 167 716 1634 769; baseline 0 -14"><span class='ocrx_word' id='word_1_82' title='bbox 167 717 486 769; x_wconf 85' lang='lat' dir='ltr'>Peloponnesum</span> <span class='ocrx_word' id='word_1_83' title='bbox 521 716 882 768; x_wconf 78' lang='lat' dir='ltr'>proficiscerentur,</span> <span class='ocrx_word' id='word_1_84' title='bbox 917 731 964 755; x_wconf 85' lang='lat' dir='ltr'>ex</span> <span class='ocrx_word' id='word_1_85' title='bbox 1001 716 1203 755; x_wconf 84' lang='lat' dir='ltr'>Messenia</span> <span class='ocrx_word' id='word_1_86' title='bbox 1237 717 1416 756; x_wconf 79' lang='lat' dir='ltr'>Athenas</span> <span class='ocrx_word' id='word_1_87' title='bbox 1452 718 1634 756; x_wconf 85' lang='lat' dir='ltr'>transmi-</span> 
     </span>
    </p>
   </div>
   <div class='ocr_carea' id='block_1_4' title="bbox 166 781 497 833">
    <p class='ocr_par' dir='ltr' id='par_1_4' title="bbox 166 781 497 833">
     <span class='ocr_line' id='line_1_11' title="bbox 166 781 497 833; baseline -0.003 -13"><span class='ocrx_word' id='word_1_88' title='bbox 166 795 301 833; x_wconf 81' lang='lat' dir='ltr'>grasse</span> <span class='ocrx_word' id='word_1_89' title='bbox 330 781 393 831; x_wconf 87' lang='lat' dir='ltr'>(fr.</span> <span class='ocrx_word' id='word_1_90' title='bbox 421 781 497 831; x_wconf 89' lang='lat'>10).</span> 
     </span>
    </p>
   </div>
   <div class='ocr_carea' id='block_1_5' title="bbox 166 865 1633 1108">
    <p class='ocr_par' dir='ltr' id='par_1_5' title="bbox 166 865 1633 1108">
     <span class='ocr_line' id='line_1_12' title="bbox 274 865 1633 917; baseline 0.001 -13"><span class='ocrx_word' id='word_1_91' title='bbox 274 866 313 904; x_wconf 90' lang='lat' dir='ltr'>V</span> <span class='ocrx_word' id='word_1_92' title='bbox 334 868 383 904; x_wconf 85' lang='lat'>57</span> <span class='ocrx_word' id='word_1_93' title='bbox 410 867 527 904; x_wconf 82' lang='lat' dir='ltr'>refert</span> <span class='ocrx_word' id='word_1_94' title='bbox 549 865 819 917; x_wconf 77' lang='lat' dir='ltr'>Gephyraeos,</span> <span class='ocrx_word' id='word_1_95' title='bbox 839 866 953 904; x_wconf 81' lang='lat' dir='ltr'>cuius</span> <span class='ocrx_word' id='word_1_96' title='bbox 971 866 1101 917; x_wconf 84' lang='lat' dir='ltr'>gentis</span> <span class='ocrx_word' id='word_1_97' title='bbox 1123 865 1343 916; x_wconf 83' lang='lat' dir='ltr'>Hipparchi</span> <span class='ocrx_word' id='word_1_98' title='bbox 1363 866 1633 905; x_wconf 77' lang='lat' dir='ltr'>interfectores</span> 
     </span>
     <span class='ocr_line' id='line_1_13' title="bbox 167 928 1633 979; baseline -0.001 -10"><span class='ocrx_word' id='word_1_99' title='bbox 167 935 317 979; x_wconf 77' lang='lat' dir='ltr'>essent,</span> <span class='ocrx_word' id='word_1_100' title='bbox 354 944 377 969; x_wconf 87' lang='lat' dir='ltr'>a</span> <span class='ocrx_word' id='word_1_101' title='bbox 405 929 670 968; x_wconf 77' lang='lat' dir='ltr'>Phoenicibus</span> <span class='ocrx_word' id='word_1_102' title='bbox 706 928 895 967; x_wconf 85' lang='lat' dir='ltr'>oriundos</span> <span class='ocrx_word' id='word_1_103' title='bbox 930 943 1034 978; x_wconf 81' lang='lat' dir='ltr'>esse,</span> <span class='ocrx_word' id='word_1_104' title='bbox 1069 929 1137 979; x_wconf 91' lang='lat' dir='ltr'>qui</span> <span class='ocrx_word' id='word_1_105' title='bbox 1174 943 1253 967; x_wconf 85' lang='lat' dir='ltr'>una</span> <span class='ocrx_word' id='word_1_106' title='bbox 1287 942 1375 966; x_wconf 85' lang='lat' dir='ltr'>cum</span> <span class='ocrx_word' id='word_1_107' title='bbox 1406 928 1556 968; x_wconf 82' lang='lat' dir='ltr'>Cadmo</span> <span class='ocrx_word' id='word_1_108' title='bbox 1595 931 1633 968; x_wconf 91' lang='lat' dir='ltr'>in</span> 
     </span>
     <span class='ocr_line' id='line_1_14' title="bbox 168 992 1632 1044; baseline 0 -13"><span class='ocrx_word' id='word_1_109' title='bbox 168 993 374 1031; x_wconf 83' lang='lat' dir='ltr'>Boeotiam</span> <span class='ocrx_word' id='word_1_110' title='bbox 403 994 603 1031; x_wconf 84' lang='lat' dir='ltr'>venissent.</span> <span class='ocrx_word' id='word_1_111' title='bbox 631 999 748 1043; x_wconf 86' lang='lat' dir='ltr'>atque</span> <span class='ocrx_word' id='word_1_112' title='bbox 778 992 1002 1044; x_wconf 80' lang='lat' dir='ltr'>Tanagram</span> <span class='ocrx_word' id='word_1_113' title='bbox 1031 1000 1114 1031; x_wconf 90' lang='lat' dir='ltr'>tum</span> <span class='ocrx_word' id='word_1_114' title='bbox 1144 993 1418 1031; x_wconf 84' lang='lat' dir='ltr'>obtinuissent.</span> <span class='ocrx_word' id='word_1_115' title='bbox 1467 994 1632 1032; x_wconf 84' lang='lat' dir='ltr'>Hecat.</span> 
     </span>
     <span class='ocr_line' id='line_1_15' title="bbox 166 1055 1633 1108; baseline -0.001 -13"><span class='ocrx_word' id='word_1_116' title='bbox 166 1056 212 1095; x_wconf 88' lang='lat' dir='ltr'>fr.</span> <span class='ocrx_word' id='word_1_117' title='bbox 240 1057 331 1095; x_wconf 88' lang='lat'>189:</span> <span class='ocrx_word' id='word_1_118' title='bbox 368 1055 593 1108; x_wconf 70' lang='lat' dir='ltr'>»Gephyrae</span> <span class='ocrx_word' id='word_1_119' title='bbox 614 1057 784 1095; x_wconf 68' lang='lat' dir='ltr'>Boeotio-i</span> <span class='ocrx_word' id='word_1_120' title='bbox 810 1057 944 1108; x_wconf 68' lang='lat' dir='ltr'>oppidi</span> <span class='ocrx_word' id='word_1_121' title='bbox 970 1057 1111 1094; x_wconf 62' lang='lat' dir='ltr'>incolas</span> <span class='ocrx_word' id='word_1_122' title='bbox 1137 1056 1383 1108; x_wconf 65' lang='lat' dir='ltr'>Tanayraeoo·</span> <span class='ocrx_word' id='word_1_123' title='bbox 1402 1058 1633 1094; x_wconf 76' lang='lat' dir='ltr'>nominari«.</span> 
     </span>
    </p>
   </div>
   <div class='ocr_carea' id='block_1_6' title="bbox 169 1141 1635 1258">
    <p class='ocr_par' dir='ltr' id='par_1_6' title="bbox 169 1141 1635 1258">
     <span class='ocr_line' id='line_1_16' title="bbox 274 1141 1635 1193; baseline 0 -12"><span class='ocrx_word' id='word_1_124' title='bbox 274 1142 312 1180; x_wconf 87' lang='lat' dir='ltr'><strong>V</strong></span> <span class='ocrx_word' id='word_1_125' title='bbox 342 1145 391 1181; x_wconf 89' lang='lat'>66</span> <span class='ocrx_word' id='word_1_126' title='bbox 419 1141 607 1193; x_wconf 80' lang='grc' dir='ltr'>Ἰσαγόρης</span> <span class='ocrx_word' id='word_1_127' title='bbox 642 1143 661 1179; x_wconf 83' lang='grc' dir='ltr'>ὁ</span> <span class='ocrx_word' id='word_1_128' title='bbox 690 1141 888 1193; x_wconf 78' lang='grc' dir='ltr'>Τισάνδρου</span> <span class='ocrx_word' id='word_1_129' title='bbox 917 1143 1033 1193; x_wconf 85' lang='grc' dir='ltr'>οὶκίης</span> <span class='ocrx_word' id='word_1_130' title='bbox 1062 1143 1126 1193; x_wconf 87' lang='grc' dir='ltr'>μὲν</span> <span class='ocrx_word' id='word_1_131' title='bbox 1157 1143 1226 1180; x_wconf 86' lang='grc' dir='ltr'>ἐὼν</span> <span class='ocrx_word' id='word_1_132' title='bbox 1256 1144 1428 1193; x_wconf 88' lang='grc' dir='ltr'>δοκὶμου,</span> <span class='ocrx_word' id='word_1_133' title='bbox 1467 1143 1554 1193; x_wconf 85' lang='grc' dir='ltr'>ἀτὰρ</span> <span class='ocrx_word' id='word_1_134' title='bbox 1584 1144 1635 1181; x_wconf 87' lang='grc' dir='ltr'>τὰ</span> 
     </span>
     <span class='ocr_line' id='line_1_17' title="bbox 169 1204 825 1258; baseline 0 -14"><span class='ocrx_word' id='word_1_135' title='bbox 169 1205 388 1245; x_wconf 77' lang='grc' dir='ltr'>ἀνέκαθεν</span> <span class='ocrx_word' id='word_1_136' title='bbox 418 1205 497 1244; x_wconf 80' lang='grc' dir='ltr'>οὐκ</span> <span class='ocrx_word' id='word_1_137' title='bbox 526 1204 619 1257; x_wconf 87' lang='grc' dir='ltr'>ἔχω</span> <span class='ocrx_word' id='word_1_138' title='bbox 648 1206 825 1258; x_wconf 81' lang='grc' dir='ltr'>φράσαι.</span> 
     </span>
    </p>
   </div>
   <div class='ocr_carea' id='block_1_7' title="bbox 169 1291 1638 1532">
    <p class='ocr_par' dir='ltr' id='par_1_7' title="bbox 169 1291 1638 1532">
     <span class='ocr_line' id='line_1_18' title="bbox 276 1291 1638 1342; baseline 0.001 -13"><span class='ocrx_word' id='word_1_139' title='bbox 276 1292 314 1329; x_wconf 86' lang='lat' dir='ltr'><strong>V</strong></span> <span class='ocrx_word' id='word_1_140' title='bbox 350 1293 422 1329; x_wconf 84' lang='lat'>170</span> <span class='ocrx_word' id='word_1_141' title='bbox 460 1292 591 1329; x_wconf 80' lang='grc' dir='ltr'>Θάλεω</span> <span class='ocrx_word' id='word_1_142' title='bbox 628 1293 755 1342; x_wconf 82' lang='grc' dir='ltr'>ἀνδρὸς</span> <span class='ocrx_word' id='word_1_143' title='bbox 784 1291 966 1342; x_wconf 82' lang='grc' dir='ltr'>Μιλησίου</span> <span class='ocrx_word' id='word_1_144' title='bbox 1003 1293 1048 1329; x_wconf 81' lang='grc' dir='ltr'>τὸ</span> <span class='ocrx_word' id='word_1_145' title='bbox 1086 1292 1308 1329; x_wconf 84' lang='grc' dir='ltr'>ἀνέκαθεν</span> <span class='ocrx_word' id='word_1_146' title='bbox 1348 1293 1478 1342; x_wconf 86' lang='grc' dir='ltr'>γένος</span> <span class='ocrx_word' id='word_1_147' title='bbox 1515 1292 1638 1334; x_wconf 82' lang='grc' dir='ltr'>ἐόντος</span> 
     </span>
     <span class='ocr_line' id='line_1_19' title="bbox 169 1353 1638 1406; baseline 0.001 -14"><span class='ocrx_word' id='word_1_148' title='bbox 169 1356 346 1396; x_wconf 81' lang='grc' dir='ltr'>Φοίνικος.</span> <span class='ocrx_word' id='word_1_149' title='bbox 405 1355 441 1392; x_wconf 76' lang='lat' dir='ltr'>V</span> <span class='ocrx_word' id='word_1_150' title='bbox 472 1355 541 1403; x_wconf 79' lang='grc'>92,</span> <span class='ocrx_word' id='word_1_151' title='bbox 580 1357 601 1392; x_wconf 77' lang='grc'><em>2</em></span> <span class='ocrx_word' id='word_1_152' title='bbox 636 1353 790 1392; x_wconf 82' lang='grc' dir='ltr'>Ἠετίων</span> <span class='ocrx_word' id='word_1_153' title='bbox 829 1355 848 1392; x_wconf 75' lang='grc' dir='ltr'>ὁ</span> <span class='ocrx_word' id='word_1_154' title='bbox 879 1353 1125 1406; x_wconf 79' lang='grc' dir='ltr'>Ἐχεκράτεος</span> <span class='ocrx_word' id='word_1_155' title='bbox 1159 1356 1277 1405; x_wconf 82' lang='grc' dir='ltr'>δήμου</span> <span class='ocrx_word' id='word_1_156' title='bbox 1314 1356 1377 1405; x_wconf 84' lang='grc' dir='ltr'>μὲν</span> <span class='ocrx_word' id='word_1_157' title='bbox 1416 1356 1457 1393; x_wconf 89' lang='grc' dir='ltr'>ἐκ</span> <span class='ocrx_word' id='word_1_158' title='bbox 1496 1354 1638 1406; x_wconf 83' lang='grc' dir='ltr'>Πέτρης</span> 
     </span>
     <span class='ocr_line' id='line_1_20' title="bbox 170 1417 1637 1470; baseline 0 -14"><span class='ocrx_word' id='word_1_159' title='bbox 170 1419 255 1467; x_wconf 83' lang='grc' dir='ltr'>ἐών,</span> <span class='ocrx_word' id='word_1_160' title='bbox 285 1418 372 1470; x_wconf 75' lang='grc' dir='ltr'>ἀτὰρ</span> <span class='ocrx_word' id='word_1_161' title='bbox 402 1418 452 1455; x_wconf 80' lang='grc' dir='ltr'>τὰ</span> <span class='ocrx_word' id='word_1_162' title='bbox 481 1417 703 1455; x_wconf 77' lang='grc' dir='ltr'>ἀνέκαθεν</span> <span class='ocrx_word' id='word_1_163' title='bbox 725 1418 889 1468; x_wconf 87' lang='grc' dir='ltr'>Λαπίθης</span> <span class='ocrx_word' id='word_1_164' title='bbox 917 1431 956 1455; x_wconf 93' lang='grc' dir='ltr'>τε</span> <span class='ocrx_word' id='word_1_165' title='bbox 985 1418 1048 1455; x_wconf 85' lang='grc' dir='ltr'>καί</span> <span class='ocrx_word' id='word_1_166' title='bbox 1065 1417 1271 1468; x_wconf 80' lang='grc' dir='ltr'>Καινείδης.</span> <span class='ocrx_word' id='word_1_167' title='bbox 1315 1417 1398 1456; x_wconf 93' lang='lat' dir='ltr'>VII</span> <span class='ocrx_word' id='word_1_168' title='bbox 1419 1419 1490 1456; x_wconf 78' lang='lat'>221</span> <span class='ocrx_word' id='word_1_169' title='bbox 1524 1417 1637 1468; x_wconf 83' lang='grc' dir='ltr'>Μεγι-</span> 
     </span>
     <span class='ocr_line' id='line_1_21' title="bbox 169 1480 1331 1532; baseline -0.001 -12"><span class='ocrx_word' id='word_1_170' title='bbox 169 1484 266 1532; x_wconf 89' lang='grc' dir='ltr'>στίην</span> <span class='ocrx_word' id='word_1_171' title='bbox 297 1481 492 1532; x_wconf 80' lang='grc' dir='ltr'>λεγόμενον</span> <span class='ocrx_word' id='word_1_172' title='bbox 522 1480 611 1519; x_wconf 83' lang='grc' dir='ltr'>εἶναι</span> <span class='ocrx_word' id='word_1_173' title='bbox 641 1481 691 1519; x_wconf 82' lang='grc' dir='ltr'>τὰ</span> <span class='ocrx_word' id='word_1_174' title='bbox 720 1481 944 1520; x_wconf 80' lang='grc' dir='ltr'>ἀνέκαθεν</span> <span class='ocrx_word' id='word_1_175' title='bbox 975 1481 1044 1519; x_wconf 77' lang='grc' dir='ltr'>ἀπὸ</span> <span class='ocrx_word' id='word_1_176' title='bbox 1075 1480 1331 1531; x_wconf 83' lang='grc' dir='ltr'>Μελάμποδος.</span> 
     </span>
    </p>
   </div>
   <div class='ocr_carea' id='block_1_8' title="bbox 165 1602 1641 2294">
    <p class='ocr_par' dir='ltr' id='par_1_8' title="bbox 169 1602 1639 1976">
     <span class='ocr_line' id='line_1_22' title="bbox 276 1602 1639 1661; baseline -0.001 -12"><span class='ocrx_word' id='word_1_177' title='bbox 276 1610 491 1649; x_wconf 84' lang='lat' dir='ltr'>Cadmus</span> <span class='ocrx_word' id='word_1_178' title='bbox 527 1609 711 1649; x_wconf 86' lang='lat' dir='ltr'>Milesius</span> <span class='ocrx_word' id='word_1_179' title='bbox 753 1602 892 1648; x_wconf 74' lang='grc' dir='ltr'>κτίσιν</span> <span class='ocrx_word' id='word_1_180' title='bbox 931 1609 1135 1660; x_wconf 85' lang='grc' dir='ltr'>Μιλήτου</span> <span class='ocrx_word' id='word_1_181' title='bbox 1180 1611 1240 1647; x_wconf 83' lang='grc' dir='ltr'>καὶ</span> <span class='ocrx_word' id='word_1_182' title='bbox 1281 1613 1344 1660; x_wconf 76' lang='grc' dir='ltr'>τῆς</span> <span class='ocrx_word' id='word_1_183' title='bbox 1381 1610 1469 1661; x_wconf 74' lang='grc' dir='ltr'>ὅλης</span> <span class='ocrx_word' id='word_1_184' title='bbox 1501 1609 1639 1652; x_wconf 83' lang='grc' dir='ltr'>Ἰωνίας</span> 
     </span>
     <span class='ocr_line' id='line_1_23' title="bbox 172 1671 1638 1725; baseline -0.001 -12"><span class='ocrx_word' id='word_1_185' title='bbox 172 1674 396 1725; x_wconf 82' lang='lat' dir='ltr'>composuit</span> <span class='ocrx_word' id='word_1_186' title='bbox 423 1672 586 1723; x_wconf 82' lang='lat' dir='ltr'>(Suid.),</span> <span class='ocrx_word' id='word_1_187' title='bbox 622 1673 795 1714; x_wconf 80' lang='grc' dir='ltr'>κτίσεις</span> <span class='ocrx_word' id='word_1_188' title='bbox 823 1672 998 1711; x_wconf 87' lang='grc' dir='ltr'>πόλεων</span> <span class='ocrx_word' id='word_1_189' title='bbox 1035 1671 1229 1711; x_wconf 89' lang='lat' dir='ltr'>Charon</span> <span class='ocrx_word' id='word_1_190' title='bbox 1258 1672 1428 1724; x_wconf 81' lang='lat' dir='ltr'>(Suid.),</span> <span class='ocrx_word' id='word_1_191' title='bbox 1464 1674 1638 1715; x_wconf 88' lang='grc' dir='ltr'>κτίσεις</span> 
     </span>
     <span class='ocr_line' id='line_1_24' title="bbox 170 1735 1637 1787; baseline -0.001 -11"><span class='ocrx_word' id='word_1_192' title='bbox 170 1738 307 1776; x_wconf 84' lang='grc' dir='ltr'>ἐθνῶν</span> <span class='ocrx_word' id='word_1_193' title='bbox 345 1738 418 1775; x_wconf 86' lang='grc' dir='ltr'>καὶ</span> <span class='ocrx_word' id='word_1_194' title='bbox 446 1735 621 1773; x_wconf 82' lang='grc' dir='ltr'>πόλεων</span> <span class='ocrx_word' id='word_1_195' title='bbox 651 1735 944 1774; x_wconf 83' lang='lat' dir='ltr'>Hellanicus</span> <span class='ocrx_word' id='word_1_196' title='bbox 984 1735 1169 1786; x_wconf 83' lang='lat' dir='ltr'>(MUELL.</span> <span class='ocrx_word' id='word_1_197' title='bbox 1199 1736 1216 1774; x_wconf 91' lang='grc' dir='ltr'>Ι</span> <span class='ocrx_word' id='word_1_198' title='bbox 1249 1738 1337 1786; x_wconf 87' lang='grc'>59),</span> <span class='ocrx_word' id='word_1_199' title='bbox 1379 1738 1484 1787; x_wconf 88' lang='grc' dir='ltr'>περὶ</span> <span class='ocrx_word' id='word_1_200' title='bbox 1521 1736 1637 1775; x_wconf 89' lang='grc' dir='ltr'>Χίου</span> 
     </span>
     <span class='ocr_line' id='line_1_25' title="bbox 170 1799 1636 1851; baseline 0.001 -13"><span class='ocrx_word' id='word_1_201' title='bbox 170 1802 361 1842; x_wconf 85' lang='grc' dir='ltr'>κτίσεως</span> <span class='ocrx_word' id='word_1_202' title='bbox 380 1806 418 1838; x_wconf 85' lang='lat' dir='ltr'>et</span> <span class='ocrx_word' id='word_1_203' title='bbox 438 1800 733 1838; x_wconf 88' lang='lat' dir='ltr'>Hellanicus</span> <span class='ocrx_word' id='word_1_204' title='bbox 752 1800 791 1849; x_wconf 80' lang='lat' dir='ltr'>(I</span> <span class='ocrx_word' id='word_1_205' title='bbox 808 1799 1043 1849; x_wconf 76' lang='lat' dir='ltr'>60)et10n</span> <span class='ocrx_word' id='word_1_206' title='bbox 1061 1799 1217 1838; x_wconf 86' lang='lat' dir='ltr'>Chius</span> <span class='ocrx_word' id='word_1_207' title='bbox 1238 1800 1395 1851; x_wconf 86' lang='lat' dir='ltr'>scripsit</span> <span class='ocrx_word' id='word_1_208' title='bbox 1414 1800 1474 1849; x_wconf 87' lang='lat' dir='ltr'>(II</span> <span class='ocrx_word' id='word_1_209' title='bbox 1493 1802 1543 1839; x_wconf 90' lang='lat'>50</span> <span class='ocrx_word' id='word_1_210' title='bbox 1559 1802 1636 1851; x_wconf 78' lang='lat' dir='ltr'>sq).</span> 
     </span>
     <span class='ocr_line' id='line_1_26' title="bbox 170 1862 1638 1915; baseline -0.001 -13"><span class='ocrx_word' id='word_1_211' title='bbox 170 1865 220 1902; x_wconf 88' lang='lat' dir='ltr'>cf.</span> <span class='ocrx_word' id='word_1_212' title='bbox 252 1863 369 1915; x_wconf 85' lang='lat' dir='ltr'>Diog.</span> <span class='ocrx_word' id='word_1_213' title='bbox 400 1863 533 1901; x_wconf 86' lang='lat' dir='ltr'>Laert.</span> <span class='ocrx_word' id='word_1_214' title='bbox 563 1862 629 1901; x_wconf 90' lang='lat' dir='ltr'>IX</span> <span class='ocrx_word' id='word_1_215' title='bbox 658 1864 703 1911; x_wconf 78' lang='lat'>2,</span> <span class='ocrx_word' id='word_1_216' title='bbox 734 1864 784 1901; x_wconf 78' lang='lat'>20</span> <span class='ocrx_word' id='word_1_217' title='bbox 833 1862 1044 1914; x_wconf 84' lang='grc' dir='ltr'>Ξενοφάνης</span> <span class='ocrx_word' id='word_1_218' title='bbox 1088 1863 1235 1913; x_wconf 85' lang='grc' dir='ltr'>ἐποίησε</span> <span class='ocrx_word' id='word_1_219' title='bbox 1274 1863 1495 1915; x_wconf 85' lang='grc' dir='ltr'>Κολοφῶνος</span> <span class='ocrx_word' id='word_1_220' title='bbox 1528 1864 1638 1901; x_wconf 86' lang='grc' dir='ltr'>κτίσιν</span> 
     </span>
     <span class='ocr_line' id='line_1_27' title="bbox 169 1925 812 1976; baseline -0.003 -11"><span class='ocrx_word' id='word_1_221' title='bbox 169 1929 229 1965; x_wconf 87' lang='grc' dir='ltr'>καὶ</span> <span class='ocrx_word' id='word_1_222' title='bbox 258 1927 316 1964; x_wconf 84' lang='grc' dir='ltr'>τὸν</span> <span class='ocrx_word' id='word_1_223' title='bbox 347 1927 399 1967; x_wconf 84' lang='grc' dir='ltr'>εἰς</span> <span class='ocrx_word' id='word_1_224' title='bbox 422 1925 556 1963; x_wconf 85' lang='grc' dir='ltr'>Ἐλέαν</span> <span class='ocrx_word' id='word_1_225' title='bbox 586 1925 812 1976; x_wconf 84' lang='grc' dir='ltr'>ἀποικισμόν.</span> 
     </span>
    </p>

    <p class='ocr_par' dir='ltr' id='par_1_9' title="bbox 165 1987 1641 2294">
     <span class='ocr_line' id='line_1_28' title="bbox 276 1987 1638 2037; baseline 0 -10"><span class='ocrx_word' id='word_1_226' title='bbox 276 1987 428 2027; x_wconf 90' lang='lat' dir='ltr'>Herod.</span> <span class='ocrx_word' id='word_1_227' title='bbox 456 1988 476 2026; x_wconf 94' lang='lat' dir='ltr'>I</span> <span class='ocrx_word' id='word_1_228' title='bbox 512 1988 706 2037; x_wconf 81' lang='grc'><strong>143-47,</strong></span> <span class='ocrx_word' id='word_1_229' title='bbox 739 1990 935 2037; x_wconf 83' lang='grc'><strong>149-51,</strong></span> <span class='ocrx_word' id='word_1_230' title='bbox 971 1990 1043 2026; x_wconf 88' lang='grc'><strong>144</strong></span> <span class='ocrx_word' id='word_1_231' title='bbox 1073 1988 1153 2026; x_wconf 88' lang='lat' dir='ltr'>VII</span> <span class='ocrx_word' id='word_1_232' title='bbox 1190 1989 1280 2034; x_wconf 84' lang='grc' dir='ltr'>10ος</span> <span class='ocrx_word' id='word_1_233' title='bbox 1316 1988 1379 2026; x_wconf 90' lang='lat' dir='ltr'>Ill</span> <span class='ocrx_word' id='word_1_234' title='bbox 1410 1990 1455 2026; x_wconf 91' lang='lat'>91</span> <span class='ocrx_word' id='word_1_235' title='bbox 1499 1988 1560 2027; x_wconf 91' lang='lat' dir='ltr'>lV</span> <span class='ocrx_word' id='word_1_236' title='bbox 1589 1991 1638 2028; x_wconf 86' lang='lat'>78</span> 
     </span>
     <span class='ocr_line' id='line_1_29' title="bbox 169 2050 1639 2103; baseline -0.001 -13"><span class='ocrx_word' id='word_1_237' title='bbox 169 2052 208 2090; x_wconf 91' lang='lat' dir='ltr'>V</span> <span class='ocrx_word' id='word_1_238' title='bbox 231 2053 302 2091; x_wconf 92' lang='lat'>113</span> <span class='ocrx_word' id='word_1_239' title='bbox 331 2050 413 2090; x_wconf 93' lang='lat' dir='ltr'>VII</span> <span class='ocrx_word' id='word_1_240' title='bbox 431 2052 483 2089; x_wconf 91' lang='lat'>90</span> <span class='ocrx_word' id='word_1_241' title='bbox 512 2050 616 2089; x_wconf 89' lang='lat' dir='ltr'>VIII</span> <span class='ocrx_word' id='word_1_242' title='bbox 633 2052 805 2091; x_wconf 86' lang='lat'>45-48.</span> <span class='ocrx_word' id='word_1_243' title='bbox 849 2051 1029 2103; x_wconf 84' lang='lat' dir='ltr'>Thucyd.</span> <span class='ocrx_word' id='word_1_244' title='bbox 1047 2051 1089 2089; x_wconf 89' lang='lat' dir='ltr'>II</span> <span class='ocrx_word' id='word_1_245' title='bbox 1104 2053 1155 2090; x_wconf 89' lang='grc'>66</span> <span class='ocrx_word' id='word_1_246' title='bbox 1186 2052 1254 2089; x_wconf 86' lang='grc' dir='ltr'>εἰσὶ</span> <span class='ocrx_word' id='word_1_247' title='bbox 1274 2050 1469 2090; x_wconf 80' lang='grc' dir='ltr'>Ζακύνθιοι</span> <span class='ocrx_word' id='word_1_248' title='bbox 1482 2052 1639 2103; x_wconf 81' lang='grc' dir='ltr'>Ἀχαιῶν</span> 
     </span>
     <span class='ocr_line' id='line_1_30' title="bbox 170 2113 1639 2166; baseline 0 -13"><span class='ocrx_word' id='word_1_249' title='bbox 170 2116 350 2154; x_wconf 79' lang='grc' dir='ltr'>ἄποικοι</span> <span class='ocrx_word' id='word_1_250' title='bbox 378 2114 443 2153; x_wconf 89' lang='lat' dir='ltr'>III</span> <span class='ocrx_word' id='word_1_251' title='bbox 459 2116 509 2153; x_wconf 74' lang='lat'>88</span> <span class='ocrx_word' id='word_1_252' title='bbox 532 2115 719 2165; x_wconf 81' lang='grc' dir='ltr'>Λιπαραῖοι</span> <span class='ocrx_word' id='word_1_253' title='bbox 741 2114 893 2153; x_wconf 84' lang='grc' dir='ltr'>Κνιδίων</span> <span class='ocrx_word' id='word_1_254' title='bbox 920 2114 1060 2153; x_wconf 79' lang='grc' dir='ltr'>ἄποικοι</span> <span class='ocrx_word' id='word_1_255' title='bbox 1104 2114 1165 2153; x_wconf 88' lang='lat' dir='ltr'>IV</span> <span class='ocrx_word' id='word_1_256' title='bbox 1187 2117 1235 2152; x_wconf 86' lang='lat'>75</span> <span class='ocrx_word' id='word_1_257' title='bbox 1268 2113 1494 2166; x_wconf 80' lang='grc' dir='ltr'>Καλχηδόνα</span> <span class='ocrx_word' id='word_1_258' title='bbox 1517 2114 1639 2165; x_wconf 84' lang='grc' dir='ltr'>Μεγα-</span> 
     </span>
     <span class='ocr_line' id='line_1_31' title="bbox 170 2178 1641 2231; baseline -0.001 -13"><span class='ocrx_word' id='word_1_259' title='bbox 170 2179 261 2231; x_wconf 88' lang='grc' dir='ltr'>ρέων</span> <span class='ocrx_word' id='word_1_260' title='bbox 288 2179 448 2217; x_wconf 82' lang='grc' dir='ltr'>ἀποικίαν</span> <span class='ocrx_word' id='word_1_261' title='bbox 480 2180 530 2218; x_wconf 84' lang='grc'>84</span> <span class='ocrx_word' id='word_1_262' title='bbox 554 2178 727 2217; x_wconf 85' lang='grc' dir='ltr'>Ἄκανθον</span> <span class='ocrx_word' id='word_1_263' title='bbox 753 2178 919 2230; x_wconf 84' lang='grc' dir='ltr'>Ἀνδρίων</span> <span class='ocrx_word' id='word_1_264' title='bbox 949 2179 1111 2217; x_wconf 85' lang='grc' dir='ltr'>ἀποικίαν</span> <span class='ocrx_word' id='word_1_265' title='bbox 1144 2180 1219 2217; x_wconf 82' lang='lat'>103</span> <span class='ocrx_word' id='word_1_266' title='bbox 1250 2180 1317 2217; x_wconf 84' lang='grc' dir='ltr'>εἰσὶ</span> <span class='ocrx_word' id='word_1_267' title='bbox 1346 2180 1387 2217; x_wconf 87' lang='grc' dir='ltr'>δὲ</span> <span class='ocrx_word' id='word_1_268' title='bbox 1417 2180 1451 2217; x_wconf 89' lang='grc' dir='ltr'>οἱ</span> <span class='ocrx_word' id='word_1_269' title='bbox 1473 2179 1641 2231; x_wconf 75' lang='grc' dir='ltr'>Ἀργίλιοι</span> 
     </span>
     <span class='ocr_line' id='line_1_32' title="bbox 165 2242 1499 2294; baseline 0.001 -14"><span class='ocrx_word' id='word_1_270' title='bbox 165 2243 333 2294; x_wconf 84' lang='grc' dir='ltr'>Ἀνδρίων</span> <span class='ocrx_word' id='word_1_271' title='bbox 361 2242 514 2287; x_wconf 81' lang='grc' dir='ltr'>ἄποικοι,</span> <span class='ocrx_word' id='word_1_272' title='bbox 547 2243 635 2291; x_wconf 72' lang='grc'><strong>104,</strong></span> <span class='ocrx_word' id='word_1_273' title='bbox 671 2244 755 2291; x_wconf 93' lang='grc'><strong>109,</strong></span> <span class='ocrx_word' id='word_1_274' title='bbox 789 2243 863 2281; x_wconf 80' lang='grc'><strong>123</strong></span> <span class='ocrx_word' id='word_1_275' title='bbox 906 2242 945 2280; x_wconf 92' lang='lat' dir='ltr'>V</span> <span class='ocrx_word' id='word_1_276' title='bbox 965 2244 1002 2291; x_wconf 84' lang='lat'>6,</span> <span class='ocrx_word' id='word_1_277' title='bbox 1033 2244 1096 2291; x_wconf 81' lang='lat'>84,</span> <span class='ocrx_word' id='word_1_278' title='bbox 1126 2242 1278 2281; x_wconf 82' lang='lat' dir='ltr'>V1157</span> <span class='ocrx_word' id='word_1_279' title='bbox 1311 2242 1416 2282; x_wconf 89' lang='lat' dir='ltr'>VIII</span> <span class='ocrx_word' id='word_1_280' title='bbox 1437 2245 1499 2281; x_wconf 84' lang='lat'>61.</span> 
     </span>
    </p>
   </div>
   <div class='ocr_carea' id='block_1_9' title="bbox 169 2337 1641 2644">
    <p class='ocr_par' dir='ltr' id='par_1_10' title="bbox 169 2337 1641 2644">
     <span class='ocr_line' id='line_1_33' title="bbox 188 2337 1638 2390; baseline -0.003 -10"><span class='ocrx_word' id='word_1_281' title='bbox 188 2378 190 2380; x_wconf 79' lang='grc'>,</span> <span class='ocrx_word' id='word_1_282' title='bbox 279 2338 549 2378; x_wconf 85' lang='lat' dir='ltr'>Simonidis</span> <span class='ocrx_word' id='word_1_283' title='bbox 578 2337 664 2377; x_wconf 84' lang='lat' dir='ltr'>Cei</span> <span class='ocrx_word' id='word_1_284' title='bbox 713 2339 875 2378; x_wconf 88' lang='lat' dir='ltr'>iunioris</span> <span class='ocrx_word' id='word_1_285' title='bbox 911 2338 1058 2378; x_wconf 84' lang='lat' dir='ltr'>Suidas</span> <span class='ocrx_word' id='word_1_286' title='bbox 1093 2345 1173 2378; x_wconf 88' lang='lat' dir='ltr'>tres</span> <span class='ocrx_word' id='word_1_287' title='bbox 1210 2339 1331 2378; x_wconf 86' lang='lat' dir='ltr'>libros</span> <span class='ocrx_word' id='word_1_288' title='bbox 1368 2341 1638 2390; x_wconf 83' lang='grc' dir='ltr'>εὑρημάτων</span> 
     </span>
     <span class='ocr_line' id='line_1_34' title="bbox 169 2400 1637 2453; baseline -0.001 -13"><span class='ocrx_word' id='word_1_289' title='bbox 169 2402 317 2441; x_wconf 85' lang='lat' dir='ltr'>laudat.</span> <span class='ocrx_word' id='word_1_290' title='bbox 374 2400 436 2440; x_wconf 88' lang='lat' dir='ltr'>Cf.</span> <span class='ocrx_word' id='word_1_291' title='bbox 463 2401 679 2440; x_wconf 83' lang='lat' dir='ltr'>Damast.</span> <span class='ocrx_word' id='word_1_292' title='bbox 709 2400 793 2453; x_wconf 81' lang='lat' dir='ltr'>Sig.</span> <span class='ocrx_word' id='word_1_293' title='bbox 815 2402 863 2439; x_wconf 84' lang='lat' dir='ltr'>fr.</span> <span class='ocrx_word' id='word_1_294' title='bbox 886 2404 910 2440; x_wconf 86' lang='lat'>9</span> <span class='ocrx_word' id='word_1_295' title='bbox 944 2402 1122 2440; x_wconf 66' lang='lat' dir='ltr'>»biremes</span> <span class='ocrx_word' id='word_1_296' title='bbox 1141 2402 1373 2453; x_wconf 65' lang='lat' dir='ltr'>Erythraeos</span> <span class='ocrx_word' id='word_1_297' title='bbox 1391 2402 1566 2451; x_wconf 45' lang='lat' dir='ltr'>semeae«.</span> <span class='ocrx_word' id='word_1_298' title='bbox 1591 2424 1637 2428; x_wconf 84' lang='lat'>—</span> 
     </span>
     <span class='ocr_line' id='line_1_35' title="bbox 171 2463 1640 2517; baseline 0 -14"><span class='ocrx_word' id='word_1_299' title='bbox 171 2464 321 2504; x_wconf 86' lang='lat' dir='ltr'>Herod.</span> <span class='ocrx_word' id='word_1_300' title='bbox 350 2465 370 2504; x_wconf 96' lang='lat' dir='ltr'>I</span> <span class='ocrx_word' id='word_1_301' title='bbox 403 2467 471 2503; x_wconf 83' lang='lat'>171</span> <span class='ocrx_word' id='word_1_302' title='bbox 515 2464 564 2504; x_wconf 88' lang='lat' dir='ltr'>de</span> <span class='ocrx_word' id='word_1_303' title='bbox 594 2463 782 2504; x_wconf 87' lang='lat' dir='ltr'>Caribus:</span> <span class='ocrx_word' id='word_1_304' title='bbox 831 2465 895 2503; x_wconf 88' lang='grc' dir='ltr'>καί</span> <span class='ocrx_word' id='word_1_305' title='bbox 927 2477 990 2517; x_wconf 89' lang='grc' dir='ltr'>σφι</span> <span class='ocrx_word' id='word_1_306' title='bbox 1025 2465 1121 2516; x_wconf 78' lang='grc' dir='ltr'>τριξὰ</span> <span class='ocrx_word' id='word_1_307' title='bbox 1156 2465 1445 2516; x_wconf 77' lang='grc' dir='ltr'>ἐξευρήματα</span> <span class='ocrx_word' id='word_1_308' title='bbox 1481 2464 1640 2515; x_wconf 83' lang='grc' dir='ltr'>ἐγένετο,</span> 
     </span>
     <span class='ocr_line' id='line_1_36' title="bbox 170 2526 1641 2578; baseline 0 -12"><span class='ocrx_word' id='word_1_309' title='bbox 170 2531 261 2566; x_wconf 86' lang='grc' dir='ltr'>τοῖσι</span> <span class='ocrx_word' id='word_1_310' title='bbox 288 2529 322 2566; x_wconf 85' lang='grc' dir='ltr'>οἱ</span> <span class='ocrx_word' id='word_1_311' title='bbox 341 2526 524 2578; x_wconf 42' lang='grc' dir='ltr'>(Έλληνες</span> <span class='ocrx_word' id='word_1_312' title='bbox 552 2528 767 2578; x_wconf 80' lang='grc' dir='ltr'>ἐχρήσαντο.</span> <span class='ocrx_word' id='word_1_313' title='bbox 807 2528 855 2566; x_wconf 88' lang='lat' dir='ltr'>cf.</span> <span class='ocrx_word' id='word_1_314' title='bbox 876 2528 895 2566; x_wconf 95' lang='lat' dir='ltr'>I</span> <span class='ocrx_word' id='word_1_315' title='bbox 917 2530 967 2567; x_wconf 85' lang='lat'>94</span> <span class='ocrx_word' id='word_1_316' title='bbox 1004 2527 1046 2566; x_wconf 88' lang='lat' dir='ltr'>II</span> <span class='ocrx_word' id='word_1_317' title='bbox 1071 2529 1145 2566; x_wconf 89' lang='grc'>109</span> <span class='ocrx_word' id='word_1_318' title='bbox 1182 2527 1243 2566; x_wconf 86' lang='lat' dir='ltr'>IV</span> <span class='ocrx_word' id='word_1_319' title='bbox 1268 2529 1353 2576; x_wconf 73' lang='lat'>180,</span> <span class='ocrx_word' id='word_1_320' title='bbox 1389 2528 1473 2566; x_wconf 89' lang='grc'><strong>189.</strong></span> <span class='ocrx_word' id='word_1_321' title='bbox 1531 2527 1641 2566; x_wconf 85' lang='lat' dir='ltr'>Thu-</span> 
     </span>
     <span class='ocr_line' id='line_1_37' title="bbox 172 2590 1640 2644; baseline -0.001 -13"><span class='ocrx_word' id='word_1_322' title='bbox 172 2591 260 2644; x_wconf 86' lang='lat' dir='ltr'>cyd.</span> <span class='ocrx_word' id='word_1_323' title='bbox 281 2591 302 2630; x_wconf 90' lang='lat' dir='ltr'>I</span> <span class='ocrx_word' id='word_1_324' title='bbox 335 2591 396 2642; x_wconf 84' lang='lat'>13,</span> <span class='ocrx_word' id='word_1_325' title='bbox 423 2594 445 2630; x_wconf 78' lang='lat'><strong>2</strong></span> <span class='ocrx_word' id='word_1_326' title='bbox 475 2591 640 2643; x_wconf 89' lang='grc' dir='ltr'>λέγονται</span> <span class='ocrx_word' id='word_1_327' title='bbox 670 2592 822 2644; x_wconf 82' lang='grc' dir='ltr'>τριήρεις</span> <span class='ocrx_word' id='word_1_328' title='bbox 850 2594 988 2644; x_wconf 84' lang='grc' dir='ltr'>πρῶτον</span> <span class='ocrx_word' id='word_1_329' title='bbox 1019 2591 1055 2630; x_wconf 87' lang='grc' dir='ltr'>ἐν</span> <span class='ocrx_word' id='word_1_330' title='bbox 1086 2590 1253 2644; x_wconf 79' lang='grc' dir='ltr'>Κορίνθῳ</span> <span class='ocrx_word' id='word_1_331' title='bbox 1284 2591 1388 2629; x_wconf 93' lang='grc' dir='ltr'>ἐνναυ</span> <span class='ocrx_word' id='word_1_332' title='bbox 1419 2592 1640 2643; x_wconf 78' lang='grc' dir='ltr'>πηγηθῆναι.</span> 
     </span>
    </p>
   </div>
  </div>
 </body>
</html>
