1844 2898
786 62 1051 101 -52—

175 167 401 217 Cimmerii,
437 168 507 219 qui
542 173 629 207 tum
665 168 720 208 ibi
757 168 998 217 habitarent,
1034 181 1106 207 sua
1134 173 1276 219 sponte
1303 167 1398 207 inde
1426 168 1651 218 cessissent,

174 244 340 282 eosque,
378 244 469 270 cum
499 231 589 271 illos
617 236 970 283 persequerentur,
1006 231 1048 270 in
1076 230 1290 275 Medorum
1316 230 1417 272 fines
1446 231 1649 272 invasisse.

173 295 256 336 τοὺς
284 293 511 347 Κιμμερίους
543 296 640 334 οὕτω
673 296 737 346 τὴν
771 294 894 337 ἔξοδον
930 295 971 333 ἐκ
1006 297 1069 344 τῆς
1101 295 1230 346 χώρης
1261 294 1470 344 ποιέεσθαι,
1504 295 1652 338 Σκύθας

174 358 216 395 δὲ
246 357 470 400 ἐπελθόντας
504 359 629 411 λαβεῖν
666 358 804 409 ἐρήμην
839 358 902 408 τὴν
936 359 1077 409 χώρην.
1138 358 1185 396 12
1213 358 1276 396 καὶ
1307 360 1367 396 νῦν
1402 356 1478 397 ἔστι
1511 358 1576 410 μὲν
1611 358 1649 396 ἐν

172 425 217 471 τῇ
246 420 413 472 Σκυθικῇ
444 420 629 473 Κιμμέρια
657 421 797 473 τείχεα,
827 421 1018 472 ῳαίνονται
1048 421 1090 460 δὲ
1119 421 1154 459 οἱ
1173 419 1368 473 Κιμμέριοι
1393 421 1591 474 φεύγοντες
1612 421 1651 463 ἐς

172 484 235 533 τὴν
261 483 393 534 Ἀσίην
429 484 513 526 τοὺς
539 484 699 525 Σκύθας.
759 485 910 535 φανεροὶ
951 484 992 522 δέ
1028 485 1097 522 εἰσι
1125 485 1186 523 καὶ
1213 485 1248 522 οἱ
1275 483 1424 523 Σκύθαι
1458 484 1651 526 διώξαντες

172 546 304 589 αὐτοὺς
330 548 392 585 καὶ
421 546 637 600 ἐςβαλόντες
666 547 704 589 ἐς
732 550 797 598 γῆν
827 548 889 598 τήν
910 546 1094 598 Μηδικὴν.
1142 547 1266 590 οὗτος
1294 548 1336 586 δὲ
1365 546 1496 589 ἄλλος
1524 547 1650 589 ξυνὸς

167 609 384 661 Ἑλλήνων
429 625 473 648 τε
514 611 587 648 καὶ
631 612 859 663 βαρβάγων
902 604 1141 661 λεγόμενος
1180 610 1311 661 λόγος
1348 610 1498 662 εἴρηται.
1555 609 1647 648 Non

172 673 306 711 multis
347 672 479 711 verbis
522 687 624 724 opus
666 678 727 712 est
764 672 814 711 ad
849 672 1222 723 demonstrandum,
1265 672 1516 712 Herodotum
1550 672 1649 711 haec

169 735 291 774 verba
310 735 549 774 scribentem
569 750 659 774 non
689 741 907 775 auctores
936 736 1261 788 significasse,
1290 751 1313 775 a
1340 736 1510 787 quibus
1529 734 1647 774 illud

170 799 424 848 audiverit,
454 798 525 837 sed
553 799 757 850 cupidum,
786 798 837 837 ad
864 799 1015 850 primos
1043 800 1237 850 cuiusque
1264 800 1322 838 rei
1349 805 1529 838 auctores
1556 813 1647 850 pro-

169 875 328 911 vocare,
371 876 461 901 cum
504 862 571 901 alii
614 877 693 901 nou
736 868 870 901 essent
911 868 1069 914 praeter
1102 853 1272 914 Scythas
1306 862 1562 914 Graecosque
1605 862 1647 901 in

169 925 334 978 Scythia
352 926 589 976 habitantes,
611 925 661 964 ad
680 940 781 977 quos
801 926 850 965 de
870 926 989 965 rebus
1004 925 1204 978 Scythicis
1219 932 1466 979 provocaret,
1485 926 1646 965 finxisse

168 990 218 1029 ab
247 990 440 1030 ambobus
468 990 569 1029 illud
598 990 761 1030 narrari.

275 1081 337 1119 VI
360 1082 436 1120 133
449 1094 496 1131 sq
524 1086 658 1119 narrat
678 1080 915 1130 Miltiadem,
944 1086 1082 1119 contra
1100 1081 1240 1120 Parios
1259 1081 1511 1133 expeditione
1528 1081 1646 1130 facta,

166 1144 244 1183 illis
281 1149 440 1183 centum
475 1144 625 1183 talenta
657 1144 893 1195 imperasse3
930 1158 997 1183 eos
1032 1158 1126 1184 vero
1162 1159 1296 1184 muros
1323 1144 1501 1184 firmasse
1529 1151 1568 1184 et
1595 1144 1645 1184 ad

167 1208 305 1246 urbem
324 1207 616 1246 defendendam
635 1220 677 1246 se
698 1206 898 1258 paravisse
918 1208 1055 1258 (133);
1084 1207 1227 1246 deinde
1247 1207 1422 1246 Miltiadi
1442 1208 1644 1247 mulierem

165 1270 364 1322 quandam
394 1270 567 1319 Pariam,
596 1284 667 1321 spe
695 1270 805 1309 urbis
833 1270 1133 1322 expugnandae
1151 1271 1187 1309 ei
1216 1270 1361 1320 oblata,
1388 1271 1645 1323 persuasisse,

165 1339 210 1372 ut
242 1335 283 1372 in
318 1334 509 1385 templum
547 1332 705 1372 Cereris
739 1339 831 1372 ante
867 1333 1006 1372 urbem
1040 1335 1160 1373 situm
1195 1334 1377 1383 intraret,
1419 1334 1527 1385 quod
1560 1335 1644 1373 viro

164 1397 276 1436 nefas
318 1403 442 1444 esset3
486 1396 593 1448 quod
634 1410 724 1436 cum
767 1402 994 1447 conaretur,
1035 1398 1174 1450 templi
1208 1412 1364 1437 murum
1397 1397 1643 1437 desilientem

163 1461 337 1512 graviter
363 1461 615 1499 vulneratum
649 1474 734 1499 esse
768 1466 888 1512 atque
920 1461 977 1499 ita
1004 1461 1220 1500 exercitum
1248 1476 1272 1499 a
1299 1461 1403 1500 Paro
1432 1461 1644 1500 abduxisse

163 1529 202 1562 et
229 1524 391 1562 domum
422 1524 642 1563 revertisse.
698 1523 839 1562 Parios
868 1530 999 1563 autem
1020 1524 1200 1576 Delphos
1228 1524 1382 1564 misisse
1411 1524 1530 1563 deum
1550 1538 1644 1563 con-

163 1587 352 1636 sulentes,
381 1601 477 1625 num
506 1587 711 1625 mulierem
740 1587 847 1625 illam
876 1587 1073 1639 supplicio
1102 1588 1208 1626 affici
1235 1588 1366 1626 vellet.
1413 1587 1498 1638 ἠδέ
1520 1587 1640 1639 Πυθίη

162 1650 228 1688 οὐκ
265 1649 327 1697 ἔα,
362 1652 465 1702 φᾶσα
498 1649 541 1688 οὐ
578 1648 711 1701 Τιμοῦν
748 1649 838 1689 εἶναι
874 1651 937 1701 τὴν
976 1651 1090 1702 αἰτίην
1125 1651 1281 1697 τούτων,
1318 1650 1412 1689 ἀλλὰ
1445 1650 1540 1690 δέειν
1575 1650 1642 1703 γὰρ

162 1712 364 1751 Μιλτιάδεα
393 1715 565 1752 τελευτᾶν
595 1714 645 1764 μὴ
675 1712 730 1759 εὖ,
759 1714 920 1765 φανῆναί
943 1714 978 1751 οἱ
1006 1716 1076 1752 τῶν
1105 1717 1228 1752 κακῶν
1257 1713 1504 1765 κατηγεμόνα.

274 1804 349 1843 133
393 1802 595 1856 Μιλτιάδης
631 1802 751 1842 ἔπλωε
789 1803 847 1842 ἐπὶ
876 1803 996 1856 Πάρον
1019 1833 1028 1842 .
1050 1833 1059 1842 .
1081 1833 1091 1843 .
1132 1803 1260 1856 Πάριοι
1288 1804 1509 1850 διενοοῦντο,
1547 1803 1643 1846 ὅκως

160 1867 424 1919 διαφυλάξουσι
459 1868 523 1917 τὴν
560 1866 663 1905 πόλιν
694 1895 704 1904 .
726 1895 736 1904 .
758 1895 767 1904 .
805 1868 1010 1917 τῇμάλιστα
1047 1866 1133 1905 ἔσκε
1171 1867 1349 1918 ἐπίμαχον
1386 1870 1450 1905 τοῦ
1485 1867 1640 1918 τείχεος,

159 1933 263 1969 τοῦτο
302 1930 484 1982 ἐξηείρετο
523 1930 708 1981 διπλήσιον
745 1933 810 1969 τοῦ
845 1930 1014 1983 ἀρχαίου.
1074 1931 1150 1970 134
1194 1930 1240 1972 ἐς
1275 1930 1340 1981 μὲν
1370 1930 1416 1981 δὴ
1445 1933 1639 1969 τοσοῦτο

158 1997 236 2033 τοῦ
278 1993 425 2044 λόγου
458 1994 501 2031 οἱ
541 1994 707 2035 πάντες
731 1991 955 2045 ι’Έλληνες
993 1993 1205 2044 λέγουσι,
1248 1994 1296 2032 τὸ
1331 1993 1552 2032 ἐνθεῦτεν
1587 1993 1639 2032 δὲ

158 2056 291 2095 αὐτοὶ
329 2056 491 2109 Πάριοι
528 2056 702 2107 γενέσθαι
740 2056 814 2095 ὦδε
849 2056 1011 2107 λέγουσι.
1075 2055 1259 2107 Μιλτιάδη
1289 2056 1409 2095 ἐλθεῖν
1440 2056 1479 2098 ἐς
1506 2055 1642 2107 λόγους

157 2122 313 2170 γυναῖκα
348 2119 487 2171 Παρίην
527 2120 631 2170 γένος
663 2135 698 2158 κ.
719 2135 751 2158 τ.
772 2122 806 2158 λ.
868 2119 961 2159 Hoc
994 2134 1017 2158 a
1050 2119 1179 2159 Pariis
1212 2118 1365 2159 audivit
1396 2118 1640 2169 Herodotus,

157 2182 255 2221 illud
291 2188 449 2234 praeter
486 2197 554 2221 eos
589 2182 639 2221 ab
668 2183 754 2221 aliis
784 2181 974 2222 Graecis?
1022 2181 1102 2221 Sed
1130 2182 1163 2221 si
1191 2182 1346 2233 Ephori
1373 2182 1639 2234 fragmentum

159 2246 233 2285 107
265 2245 582 2296 consideramus,
617 2245 686 2297 qui
714 2244 889 2285 narravit
916 2244 1056 2285 Parios
1084 2260 1108 2285 a
1136 2244 1321 2285 Miltiade
1349 2244 1533 2285 obsessos
1561 2244 1639 2285 iam

155 2309 360 2347 dedituros
396 2323 437 2348 se
466 2309 606 2358 fuisse,
642 2308 713 2347 sed
741 2308 873 2347 subito
906 2322 1028 2347 naves
1056 2308 1237 2348 Persicas
1271 2290 1418 2347 auxilio
1453 2307 1639 2348 advenire

84 2413 86 2415 ,
155 2373 338 2425 opinatos
372 2372 482 2425 pacis
516 2371 769 2412 condiciones
802 2371 1000 2411 dimisisse
1035 2376 1153 2424 atque
1182 2371 1426 2422 Miltiadem,
1461 2371 1638 2412 eiusdem

154 2437 209 2475 rei
239 2443 348 2476 metu
376 2442 632 2486 commotum,
663 2451 686 2475 a
705 2436 809 2475 Paro
838 2436 1061 2486 recessisse,
1091 2436 1166 2475 hoc
1185 2436 1404 2489 fragmento
1429 2449 1519 2475 cum
1548 2450 1638 2475 nar-

153 2501 305 2540 ratione
335 2500 567 2539 Herodotea
595 2504 823 2551 comparato
853 2505 1020 2551 apparet
1040 2498 1290 2538 Herodotum
1319 2498 1369 2538 de
1399 2498 1517 2538 Paria
1542 2498 1638 2538 Mil-

150 2564 270 2603 tiadis
293 2563 546 2615 expeditione
574 2569 798 2602 narrantem
827 2563 942 2602 initio
971 2577 1019 2602 ex
1038 2562 1178 2602 eodem
1208 2562 1318 2602 fonte
1346 2562 1560 2617 haussi-sse,
1588 2577 1637 2601 ex
